<?xml version="1.0" encoding="UTF-8"?>
<!DOCTYPE html PUBLIC "-//W3C//DTD XHTML 1.0 Transitional//EN"
    "http://www.w3.org/TR/xhtml1/DTD/xhtml1-transitional.dtd">
<html xmlns="http://www.w3.org/1999/xhtml" xml:lang="en" lang="en">
 <head>
  <title>
</title>
<meta http-equiv="Content-Type" content="text/html;charset=utf-8" />
  <meta name='ocr-system' content='tesseract 3.04.00' />
  <meta name='ocr-capabilities' content='ocr_page ocr_carea ocr_par ocr_line ocrx_word'/>
</head>
<body>
  <div class='ocr_page' id='page_1' title='image "./vollstandigesdia00lent_0497.png"; bbox 0 0 2194 3868; ppageno 0'>
   <div class='ocr_carea' id='block_1_1' title="bbox 52 321 1881 370">
    <p class='ocr_par' dir='ltr' id='par_1_1' title="bbox 52 321 1881 370">
     <span class='ocr_line' id='line_1_1' title="bbox 52 321 1881 370; baseline -0.001 -12"><span class='ocrx_word' id='word_1_1' title='bbox 52 346 55 363; x_wconf 83' lang='lat'>:</span> <span class='ocrx_word' id='word_1_2' title='bbox 86 322 287 358; x_wconf 74' lang='lat' dir='ltr'>tificationeni</span> <span class='ocrx_word' id='word_1_3' title='bbox 308 329 459 356; x_wconf 56' lang='lat' dir='ltr'>,flaici-ns:</span> <span class='ocrx_word' id='word_1_4' title='bbox 477 324 723 357; x_wconf 82' lang='lat' dir='ltr'>renunciatio.ns</span> <span class='ocrx_word' id='word_1_5' title='bbox 743 321 802 357; x_wconf 85' lang='lat' dir='ltr'>fuit</span> <span class='ocrx_word' id='word_1_6' title='bbox 822 321 994 361; x_wconf 74' lang='lat' dir='ltr'>affecums,</span> <span class='ocrx_word' id='word_1_7' title='bbox 1021 324 1074 356; x_wconf 83' lang='lat' dir='ltr'>Ast</span> <span class='ocrx_word' id='word_1_8' title='bbox 1095 324 1150 356; x_wconf 79' lang='lat' dir='ltr'>lub</span> <span class='ocrx_word' id='word_1_9' title='bbox 1166 323 1287 357; x_wconf 85' lang='lat' dir='ltr'>duabus</span> <span class='ocrx_word' id='word_1_10' title='bbox 1311 322 1457 370; x_wconf 78' lang='lat' dir='ltr'>expressis</span> <span class='ocrx_word' id='word_1_11' title='bbox 1476 322 1735 362; x_wconf 83' lang='lat' dir='ltr'>conditionibus,</span> <span class='ocrx_word' id='word_1_12' title='bbox 1762 325 1823 358; x_wconf 63' lang='lat' dir='ltr'>unfi</span> <span class='ocrx_word' id='word_1_13' title='bbox 1842 323 1881 358; x_wconf 88' lang='lat' dir='ltr'>il-</span> 
     </span>
    </p>
   </div>
   <div class='ocr_carea' id='block_1_2' title="bbox 87 370 1881 419">
    <p class='ocr_par' dir='ltr' id='par_1_2' title="bbox 87 370 1881 419">
     <span class='ocr_line' id='line_1_2' title="bbox 87 370 1881 419; baseline -0.001 -12"><span class='ocrx_word' id='word_1_14' title='bbox 87 373 114 408; x_wconf 85' lang='lat' dir='ltr'>la</span> <span class='ocrx_word' id='word_1_15' title='bbox 137 370 318 407; x_wconf 83' lang='lat' dir='ltr'>reversionis</span> <span class='ocrx_word' id='word_1_16' title='bbox 335 375 398 418; x_wconf 80' lang='lat' dir='ltr'>jam</span> <span class='ocrx_word' id='word_1_17' title='bbox 418 385 434 405; x_wconf 90' lang='lat' dir='ltr'>a</span> <span class='ocrx_word' id='word_1_18' title='bbox 450 374 552 406; x_wconf 84' lang='lat' dir='ltr'>Matre</span> <span class='ocrx_word' id='word_1_19' title='bbox 572 376 630 406; x_wconf 82' lang='lat' dir='ltr'>Sua</span> <span class='ocrx_word' id='word_1_20' title='bbox 652 370 787 411; x_wconf 62' lang='lat' dir='ltr'>insert-213</span> <span class='ocrx_word' id='word_1_21' title='bbox 813 371 929 409; x_wconf 65' lang='lat' dir='ltr'>altera,</span> <span class='ocrx_word' id='word_1_22' title='bbox 958 382 992 405; x_wconf 91' lang='lat' dir='ltr'>ut</span> <span class='ocrx_word' id='word_1_23' title='bbox 1010 371 1066 418; x_wconf 87' lang='lat' dir='ltr'>ipsi</span> <span class='ocrx_word' id='word_1_24' title='bbox 1086 374 1301 419; x_wconf 72' lang='lat' dir='ltr'>compensatio</span> <span class='ocrx_word' id='word_1_25' title='bbox 1323 373 1413 408; x_wconf 83' lang='lat' dir='ltr'>fieret</span> <span class='ocrx_word' id='word_1_26' title='bbox 1432 373 1544 418; x_wconf 79' lang='lat' dir='ltr'>hujus,</span> <span class='ocrx_word' id='word_1_27' title='bbox 1575 379 1605 409; x_wconf 69' lang='grc' dir='ltr'>ὃ(</span> <span class='ocrx_word' id='word_1_28' title='bbox 1627 373 1762 407; x_wconf 90' lang='lat' dir='ltr'>aliorum</span> <span class='ocrx_word' id='word_1_29' title='bbox 1780 373 1881 407; x_wconf 83' lang='lat' dir='ltr'>bene-</span> 
     </span>
    </p>
   </div>
   <div class='ocr_carea' id='block_1_3' title="bbox 51 420 1885 470">
    <p class='ocr_par' dir='ltr' id='par_1_3' title="bbox 51 420 1885 470">
     <span class='ocr_line' id='line_1_3' title="bbox 51 420 1885 470; baseline -0.001 -12"><span class='ocrx_word' id='word_1_30' title='bbox 51 433 53 437; x_wconf 81' lang='grc'>’</span> <span class='ocrx_word' id='word_1_31' title='bbox 88 422 230 458; x_wconf 82' lang='lat' dir='ltr'>ficioriim</span> <span class='ocrx_word' id='word_1_32' title='bbox 247 423 350 456; x_wconf 66' lang='lat' dir='ltr'>Line-t</span> <span class='ocrx_word' id='word_1_33' title='bbox 368 423 712 456; x_wconf 78' lang='lat' dir='ltr'>Germano-Austriacae</span> <span class='ocrx_word' id='word_1_34' title='bbox 729 423 880 456; x_wconf 84' lang='lat' dir='ltr'>continuo</span> <span class='ocrx_word' id='word_1_35' title='bbox 898 420 1135 468; x_wconf 83' lang='lat' dir='ltr'>impensorum,</span> <span class='ocrx_word' id='word_1_36' title='bbox 1159 423 1194 455; x_wconf 93' lang='lat' dir='ltr'>in</span> <span class='ocrx_word' id='word_1_37' title='bbox 1212 422 1316 468; x_wconf 87' lang='lat' dir='ltr'>aliqua</span> <span class='ocrx_word' id='word_1_38' title='bbox 1329 446 1337 457; x_wconf 94' lang='lat'>,</span> <span class='ocrx_word' id='word_1_39' title='bbox 1363 421 1583 470; x_wconf 85' lang='lat' dir='ltr'>velaliquibiis</span> <span class='ocrx_word' id='word_1_40' title='bbox 1600 424 1773 458; x_wconf 85' lang='lat' dir='ltr'>Provinciis</span> <span class='ocrx_word' id='word_1_41' title='bbox 1786 449 1796 463; x_wconf 95' lang='lat'>,</span> <span class='ocrx_word' id='word_1_42' title='bbox 1823 436 1885 457; x_wconf 51' lang='lat' dir='ltr'>cun</span> 
     </span>
    </p>
   </div>
   <div class='ocr_carea' id='block_1_4' title="bbox 86 469 1883 925">
    <p class='ocr_par' dir='ltr' id='par_1_4' title="bbox 87 469 1881 670">
     <span class='ocr_line' id='line_1_4' title="bbox 87 469 1881 520; baseline 0.001 -14"><span class='ocrx_word' id='word_1_43' title='bbox 87 477 153 520; x_wconf 79' lang='lat' dir='ltr'>jus,</span> <span class='ocrx_word' id='word_1_44' title='bbox 180 471 228 505; x_wconf 89' lang='lat' dir='ltr'>vel</span> <span class='ocrx_word' id='word_1_45' title='bbox 245 484 381 519; x_wconf 86' lang='lat' dir='ltr'>quarum</span> <span class='ocrx_word' id='word_1_46' title='bbox 403 469 566 518; x_wconf 70' lang='lat' dir='ltr'>affignatio</span> <span class='ocrx_word' id='word_1_47' title='bbox 587 473 692 519; x_wconf 85' lang='lat' dir='ltr'>postea</span> <span class='ocrx_word' id='word_1_48' title='bbox 712 471 855 506; x_wconf 87' lang='lat' dir='ltr'>facienda</span> <span class='ocrx_word' id='word_1_49' title='bbox 879 483 971 510; x_wconf 89' lang='lat' dir='ltr'>erat,</span> <span class='ocrx_word' id='word_1_50' title='bbox 1005 483 1047 504; x_wconf 84' lang='lat' dir='ltr'>ne</span> <span class='ocrx_word' id='word_1_51' title='bbox 1073 469 1166 516; x_wconf 87' lang='lat' dir='ltr'>hujus</span> <span class='ocrx_word' id='word_1_52' title='bbox 1195 472 1403 506; x_wconf 86' lang='lat' dir='ltr'>Instrumenti</span> <span class='ocrx_word' id='word_1_53' title='bbox 1428 473 1587 507; x_wconf 65' lang='lat' dir='ltr'>confectio</span> <span class='ocrx_word' id='word_1_54' title='bbox 1614 473 1819 512; x_wconf 80' lang='lat' dir='ltr'>dilataretur,</span> <span class='ocrx_word' id='word_1_55' title='bbox 1847 477 1881 508; x_wconf 87' lang='lat'>&amp;</span> 
     </span>
     <span class='ocr_line' id='line_1_5' title="bbox 88 517 1880 570; baseline 0 -13"><span class='ocrx_word' id='word_1_56' title='bbox 88 520 233 557; x_wconf 69' lang='lat' dir='ltr'>effcfflve</span> <span class='ocrx_word' id='word_1_57' title='bbox 254 518 486 556; x_wconf 70' lang='lat' dir='ltr'>solemnisatnm</span> <span class='ocrx_word' id='word_1_58' title='bbox 505 520 565 555; x_wconf 86' lang='lat' dir='ltr'>fuit</span> <span class='ocrx_word' id='word_1_59' title='bbox 586 535 602 555; x_wconf 86' lang='lat' dir='ltr'>a</span> <span class='ocrx_word' id='word_1_60' title='bbox 627 522 757 556; x_wconf 90' lang='lat' dir='ltr'>Comite</span> <span class='ocrx_word' id='word_1_61' title='bbox 784 522 822 555; x_wconf 85' lang='lat' dir='ltr'>de</span> <span class='ocrx_word' id='word_1_62' title='bbox 845 521 976 567; x_wconf 86' lang='lat' dir='ltr'>Ognate</span> <span class='ocrx_word' id='word_1_63' title='bbox 991 543 999 555; x_wconf 90' lang='lat'>,</span> <span class='ocrx_word' id='word_1_64' title='bbox 1022 531 1098 554; x_wconf 91' lang='lat' dir='ltr'>tunc</span> <span class='ocrx_word' id='word_1_65' title='bbox 1129 522 1212 568; x_wconf 83' lang='lat' dir='ltr'>apud</span> <span class='ocrx_word' id='word_1_66' title='bbox 1238 517 1395 555; x_wconf 71' lang='lat' dir='ltr'>Caefiirem</span> <span class='ocrx_word' id='word_1_67' title='bbox 1426 523 1521 570; x_wconf 80' lang='lat' dir='ltr'>Regis</span> <span class='ocrx_word' id='word_1_68' title='bbox 1551 523 1708 557; x_wconf 78' lang='lat' dir='ltr'>Catholici</span> <span class='ocrx_word' id='word_1_69' title='bbox 1740 525 1880 570; x_wconf 77' lang='lat' dir='ltr'>Legato,</span> 
     </span>
     <span class='ocr_line' id='line_1_6' title="bbox 87 568 1879 618; baseline 0 -12"><span class='ocrx_word' id='word_1_70' title='bbox 87 575 201 606; x_wconf 80' lang='lat' dir='ltr'>virtute</span> <span class='ocrx_word' id='word_1_71' title='bbox 229 570 367 618; x_wconf 79' lang='lat' dir='ltr'>ipecialis</span> <span class='ocrx_word' id='word_1_72' title='bbox 402 571 657 610; x_wconf 87' lang='lat' dir='ltr'>Procurationis‚</span> <span class='ocrx_word' id='word_1_73' title='bbox 693 572 743 605; x_wconf 90' lang='lat' dir='ltr'>die</span> <span class='ocrx_word' id='word_1_74' title='bbox 775 569 854 605; x_wconf 58' lang='lat' dir='ltr'>sextfi</span> <span class='ocrx_word' id='word_1_75' title='bbox 889 568 1009 605; x_wconf 83' lang='lat' dir='ltr'>Menfis</span> <span class='ocrx_word' id='word_1_76' title='bbox 1035 570 1124 612; x_wconf 85' lang='lat' dir='ltr'>Junii</span> <span class='ocrx_word' id='word_1_77' title='bbox 1157 569 1253 603; x_wconf 67' lang='lat' dir='ltr'>Anno</span> <span class='ocrx_word' id='word_1_78' title='bbox 1292 569 1464 604; x_wconf 80' lang='lat' dir='ltr'>millefimo</span> <span class='ocrx_word' id='word_1_79' title='bbox 1497 570 1718 608; x_wconf 72' lang='lat' dir='ltr'>sexcentefimo</span> <span class='ocrx_word' id='word_1_80' title='bbox 1751 572 1879 608; x_wconf 61' lang='lat' dir='ltr'>decimo</span> 
     </span>
     <span class='ocr_line' id='line_1_7' title="bbox 89 622 231 670; baseline -0.007 -15"><span class='ocrx_word' id='word_1_81' title='bbox 89 622 231 670; x_wconf 61' lang='lat' dir='ltr'>{eptima</span> 
     </span>
    </p>

    <p class='ocr_par' dir='ltr' id='par_1_5' title="bbox 86 674 1883 925">
     <span class='ocr_line' id='line_1_8' title="bbox 237 674 1883 728; baseline 0.002 -15"><span class='ocrx_word' id='word_1_82' title='bbox 237 678 323 713; x_wconf 81' lang='lat' dir='ltr'>Cum</span> <span class='ocrx_word' id='word_1_83' title='bbox 345 676 410 713; x_wconf 78' lang='lat' dir='ltr'>haec</span> <span class='ocrx_word' id='word_1_84' title='bbox 437 678 572 726; x_wconf 88' lang='lat' dir='ltr'>Philippi</span> <span class='ocrx_word' id='word_1_85' title='bbox 590 679 692 713; x_wconf 83' lang='lat' dir='ltr'>Tertii</span> <span class='ocrx_word' id='word_1_86' title='bbox 719 677 916 713; x_wconf 85' lang='lat' dir='ltr'>renunciatio</span> <span class='ocrx_word' id='word_1_87' title='bbox 941 679 974 711; x_wconf 87' lang='lat' dir='ltr'>in</span> <span class='ocrx_word' id='word_1_88' title='bbox 991 674 1136 712; x_wconf 83' lang='lat' dir='ltr'>favorem</span> <span class='ocrx_word' id='word_1_89' title='bbox 1161 678 1372 717; x_wconf 75' lang='lat' dir='ltr'>Ferdinandi,</span> <span class='ocrx_word' id='word_1_90' title='bbox 1401 689 1477 712; x_wconf 85' lang='lat' dir='ltr'>tunc</span> <span class='ocrx_word' id='word_1_91' title='bbox 1501 679 1747 720; x_wconf 81' lang='lat' dir='ltr'>Archi-Ducis,</span> <span class='ocrx_word' id='word_1_92' title='bbox 1776 683 1883 728; x_wconf 80' lang='lat' dir='ltr'>postea</span> 
     </span>
     <span class='ocr_line' id='line_1_9' title="bbox 86 726 1882 776; baseline -0.001 -11"><span class='ocrx_word' id='word_1_93' title='bbox 86 742 160 765; x_wconf 82' lang='lat' dir='ltr'>vero</span> <span class='ocrx_word' id='word_1_94' title='bbox 179 731 380 776; x_wconf 84' lang='lat' dir='ltr'>Imperatoris</span> <span class='ocrx_word' id='word_1_95' title='bbox 405 730 559 769; x_wconf 81' lang='lat' dir='ltr'>Secundi,</span> <span class='ocrx_word' id='word_1_96' title='bbox 586 728 731 763; x_wconf 70' lang='lat' dir='ltr'>confeeta</span> <span class='ocrx_word' id='word_1_97' title='bbox 756 727 871 766; x_wconf 80' lang='lat' dir='ltr'>fuisset,</span> <span class='ocrx_word' id='word_1_98' title='bbox 894 727 944 760; x_wconf 91' lang='lat' dir='ltr'>hic</span> <span class='ocrx_word' id='word_1_99' title='bbox 971 727 1085 761; x_wconf 88' lang='lat' dir='ltr'>eodem</span> <span class='ocrx_word' id='word_1_100' title='bbox 1106 728 1157 762; x_wconf 83' lang='lat' dir='ltr'>die</span> <span class='ocrx_word' id='word_1_101' title='bbox 1175 740 1232 775; x_wconf 84' lang='lat' dir='ltr'>per</span> <span class='ocrx_word' id='word_1_102' title='bbox 1253 726 1513 762; x_wconf 76' lang='lat' dir='ltr'>solemniffimum</span> <span class='ocrx_word' id='word_1_103' title='bbox 1539 731 1799 765; x_wconf 78' lang='lat' dir='ltr'>Iiissrumentnm,</span> <span class='ocrx_word' id='word_1_104' title='bbox 1817 743 1882 764; x_wconf 84' lang='lat' dir='ltr'>non</span> 
     </span>
     <span class='ocr_line' id='line_1_10' title="bbox 89 775 1881 825; baseline -0.001 -10"><span class='ocrx_word' id='word_1_105' title='bbox 89 778 185 816; x_wconf 86' lang='lat' dir='ltr'>solum</span> <span class='ocrx_word' id='word_1_106' title='bbox 198 802 206 814; x_wconf 92' lang='lat'>‚</span> <span class='ocrx_word' id='word_1_107' title='bbox 233 780 320 825; x_wconf 89' lang='lat' dir='ltr'>quod</span> <span class='ocrx_word' id='word_1_108' title='bbox 337 780 442 812; x_wconf 72' lang='lat' dir='ltr'>actum</span> <span class='ocrx_word' id='word_1_109' title='bbox 461 790 548 817; x_wconf 88' lang='lat' dir='ltr'>erat,</span> <span class='ocrx_word' id='word_1_110' title='bbox 574 780 758 825; x_wconf 80' lang='lat' dir='ltr'>acceptavit,</span> <span class='ocrx_word' id='word_1_111' title='bbox 783 782 816 813; x_wconf 71' lang='grc' dir='ltr'>δε</span> <span class='ocrx_word' id='word_1_112' title='bbox 836 779 951 824; x_wconf 83' lang='lat' dir='ltr'>gratias</span> <span class='ocrx_word' id='word_1_113' title='bbox 970 777 1055 824; x_wconf 89' lang='lat' dir='ltr'>egit,</span> <span class='ocrx_word' id='word_1_114' title='bbox 1079 775 1130 811; x_wconf 86' lang='lat' dir='ltr'>sed</span> <span class='ocrx_word' id='word_1_115' title='bbox 1154 779 1251 811; x_wconf 87' lang='lat' dir='ltr'>etiam</span> <span class='ocrx_word' id='word_1_116' title='bbox 1270 779 1327 816; x_wconf 88' lang='lat' dir='ltr'>Se,</span> <span class='ocrx_word' id='word_1_117' title='bbox 1352 782 1384 812; x_wconf 84' lang='lat'>&amp;</span> <span class='ocrx_word' id='word_1_118' title='bbox 1406 779 1484 811; x_wconf 87' lang='lat' dir='ltr'>Suos</span> <span class='ocrx_word' id='word_1_119' title='bbox 1503 777 1642 813; x_wconf 74' lang='lat' dir='ltr'>haeredes</span> <span class='ocrx_word' id='word_1_120' title='bbox 1659 779 1823 814; x_wconf 72' lang='lat' dir='ltr'>obstrinxit</span> <span class='ocrx_word' id='word_1_121' title='bbox 1842 781 1881 814; x_wconf 73' lang='lat' dir='ltr'>ad</span> 
     </span>
     <span class='ocr_line' id='line_1_11' title="bbox 91 826 1882 878; baseline 0.001 -16"><span class='ocrx_word' id='word_1_122' title='bbox 91 829 335 878; x_wconf 81' lang='lat' dir='ltr'>implementum</span> <span class='ocrx_word' id='word_1_123' title='bbox 355 828 600 875; x_wconf 81' lang='lat' dir='ltr'>Obligationum</span> <span class='ocrx_word' id='word_1_124' title='bbox 618 831 650 862; x_wconf 90' lang='lat' dir='ltr'>in</span> <span class='ocrx_word' id='word_1_125' title='bbox 666 826 920 862; x_wconf 87' lang='lat' dir='ltr'>Conditionibus</span> <span class='ocrx_word' id='word_1_126' title='bbox 941 837 1177 865; x_wconf 82' lang='lat' dir='ltr'>contentarum,</span> <span class='ocrx_word' id='word_1_127' title='bbox 1188 826 1246 862; x_wconf 88' lang='lat' dir='ltr'>hoc</span> <span class='ocrx_word' id='word_1_128' title='bbox 1259 828 1316 865; x_wconf 85' lang='lat' dir='ltr'>est,</span> <span class='ocrx_word' id='word_1_129' title='bbox 1330 838 1394 861; x_wconf 85' lang='lat' dir='ltr'>tam</span> <span class='ocrx_word' id='word_1_130' title='bbox 1404 829 1442 861; x_wconf 86' lang='lat' dir='ltr'>ad</span> <span class='ocrx_word' id='word_1_131' title='bbox 1452 827 1742 876; x_wconf 82' lang='lat' dir='ltr'>compensatiouem</span> <span class='ocrx_word' id='word_1_132' title='bbox 1763 830 1882 863; x_wconf 74' lang='lat' dir='ltr'>facien-</span> 
     </span>
     <span class='ocr_line' id='line_1_12' title="bbox 89 874 1882 925; baseline -0.001 -11"><span class='ocrx_word' id='word_1_133' title='bbox 89 882 178 914; x_wconf 83' lang='lat' dir='ltr'>dam,</span> <span class='ocrx_word' id='word_1_134' title='bbox 201 890 299 925; x_wconf 84' lang='lat' dir='ltr'>quam</span> <span class='ocrx_word' id='word_1_135' title='bbox 320 879 359 912; x_wconf 89' lang='lat' dir='ltr'>ad</span> <span class='ocrx_word' id='word_1_136' title='bbox 378 879 610 913; x_wconf 82' lang='lat' dir='ltr'>restitutionem</span> <span class='ocrx_word' id='word_1_137' title='bbox 633 879 666 912; x_wconf 92' lang='lat' dir='ltr'>in</span> <span class='ocrx_word' id='word_1_138' title='bbox 688 875 759 911; x_wconf 87' lang='lat' dir='ltr'>casu</span> <span class='ocrx_word' id='word_1_139' title='bbox 782 874 993 915; x_wconf 83' lang='lat' dir='ltr'>reverfionis‚</span> <span class='ocrx_word' id='word_1_140' title='bbox 1022 887 1121 923; x_wconf 88' lang='lat' dir='ltr'>quam</span> <span class='ocrx_word' id='word_1_141' title='bbox 1149 876 1230 911; x_wconf 88' lang='lat' dir='ltr'>ultra</span> <span class='ocrx_word' id='word_1_142' title='bbox 1246 877 1321 911; x_wconf 86' lang='lat' dir='ltr'>alias</span> <span class='ocrx_word' id='word_1_143' title='bbox 1346 875 1572 912; x_wconf 80' lang='lat' dir='ltr'>efficacissimas</span> <span class='ocrx_word' id='word_1_144' title='bbox 1598 877 1809 925; x_wconf 77' lang='lat' dir='ltr'>expreffiones</span> <span class='ocrx_word' id='word_1_145' title='bbox 1836 879 1882 913; x_wconf 88' lang='lat' dir='ltr'>his</span> 
     </span>
    </p>
   </div>
   <div class='ocr_carea' id='block_1_5' title="bbox 50 927 1883 974">
    <p class='ocr_par' dir='ltr' id='par_1_6' title="bbox 50 927 1883 974">
     <span class='ocr_line' id='line_1_13' title="bbox 50 927 1883 974; baseline -0.001 -11"><span class='ocrx_word' id='word_1_146' title='bbox 50 944 53 947; x_wconf 58' lang='grc'><strong>’</strong></span> <span class='ocrx_word' id='word_1_147' title='bbox 86 928 188 964; x_wconf 88' lang='lat' dir='ltr'>verbis</span> <span class='ocrx_word' id='word_1_148' title='bbox 207 927 359 962; x_wconf 83' lang='lat' dir='ltr'>conclulit</span> <span class='ocrx_word' id='word_1_149' title='bbox 375 943 382 962; x_wconf 93' lang='lat'>:</span> <span class='ocrx_word' id='word_1_150' title='bbox 414 927 465 962; x_wconf 75' lang='lat' dir='ltr'>Ita</span> <span class='ocrx_word' id='word_1_151' title='bbox 481 929 599 974; x_wconf 83' lang='lat' dir='ltr'>quidem</span> <span class='ocrx_word' id='word_1_152' title='bbox 611 951 618 963; x_wconf 86' lang='lat'>‚</span> <span class='ocrx_word' id='word_1_153' title='bbox 643 938 675 962; x_wconf 83' lang='lat' dir='ltr'>ut</span> <span class='ocrx_word' id='word_1_154' title='bbox 690 928 753 973; x_wconf 67' lang='lat' dir='ltr'>tafia</span> <span class='ocrx_word' id='word_1_155' title='bbox 765 949 774 962; x_wconf 94' lang='lat'>‚</span> <span class='ocrx_word' id='word_1_156' title='bbox 797 939 852 972; x_wconf 83' lang='lat' dir='ltr'>quo</span> <span class='ocrx_word' id='word_1_157' title='bbox 884 927 1054 971; x_wconf 78' lang='lat' dir='ltr'>quandoque</span> <span class='ocrx_word' id='word_1_158' title='bbox 1091 928 1194 972; x_wconf 83' lang='lat' dir='ltr'>(quod</span> <span class='ocrx_word' id='word_1_159' title='bbox 1215 929 1300 961; x_wconf 82' lang='lat' dir='ltr'>Deus</span> <span class='ocrx_word' id='word_1_160' title='bbox 1314 930 1459 972; x_wconf 81' lang='lat' dir='ltr'>avertat)</span> <span class='ocrx_word' id='word_1_161' title='bbox 1485 941 1578 962; x_wconf 83' lang='lat' dir='ltr'>omnes</span> <span class='ocrx_word' id='word_1_162' title='bbox 1595 929 1701 973; x_wconf 77' lang='lat' dir='ltr'>nostros</span> <span class='ocrx_word' id='word_1_163' title='bbox 1716 941 1766 973; x_wconf 74' lang='lat' dir='ltr'>per</span> <span class='ocrx_word' id='word_1_164' title='bbox 1792 932 1883 963; x_wconf 70' lang='lat' dir='ltr'>Line-</span> 
     </span>
    </p>
   </div>
   <div class='ocr_carea' id='block_1_6' title="bbox 85 974 1884 1276">
    <p class='ocr_par' dir='ltr' id='par_1_7' title="bbox 85 974 1884 1276">
     <span class='ocr_line' id='line_1_14' title="bbox 85 974 1884 1023; baseline -0.002 -8"><span class='ocrx_word' id='word_1_165' title='bbox 85 993 132 1014; x_wconf 84' lang='lat' dir='ltr'>am</span> <span class='ocrx_word' id='word_1_166' title='bbox 147 981 249 1012; x_wconf 79' lang='lat' dir='ltr'>rec&#39;lam</span> <span class='ocrx_word' id='word_1_167' title='bbox 266 980 468 1018; x_wconf 81' lang='lat' dir='ltr'>masculinam,</span> <span class='ocrx_word' id='word_1_168' title='bbox 495 990 550 1012; x_wconf 86' lang='lat' dir='ltr'>non</span> <span class='ocrx_word' id='word_1_169' title='bbox 566 979 722 1022; x_wconf 79' lang='lat' dir='ltr'>interrupta</span> <span class='ocrx_word' id='word_1_170' title='bbox 743 979 929 1023; x_wconf 83' lang='lat' dir='ltr'>masculorum</span> <span class='ocrx_word' id='word_1_171' title='bbox 945 974 1040 1019; x_wconf 73' lang='lat' dir='ltr'>serie,</span> <span class='ocrx_word' id='word_1_172' title='bbox 1065 976 1274 1022; x_wconf 72' lang='lat' dir='ltr'>Deftendemes</span> <span class='ocrx_word' id='word_1_173' title='bbox 1293 980 1428 1023; x_wconf 81' lang='lat' dir='ltr'>masculos</span> <span class='ocrx_word' id='word_1_174' title='bbox 1453 979 1582 1012; x_wconf 76' lang='lat' dir='ltr'>decedere</span> <span class='ocrx_word' id='word_1_175' title='bbox 1606 981 1798 1023; x_wconf 74' lang='lat' dir='ltr'>contingeret,</span> <span class='ocrx_word' id='word_1_176' title='bbox 1824 982 1884 1023; x_wconf 73' lang='lat' dir='ltr'>fie-</span> 
     </span>
     <span class='ocr_line' id='line_1_15' title="bbox 91 1026 1884 1074; baseline -0.002 -10"><span class='ocrx_word' id='word_1_177' title='bbox 91 1032 169 1064; x_wconf 68' lang='lat' dir='ltr'>mina</span> <span class='ocrx_word' id='word_1_178' title='bbox 182 1053 189 1066; x_wconf 88' lang='lat'>‚</span> <span class='ocrx_word' id='word_1_179' title='bbox 215 1041 383 1073; x_wconf 65' lang='lat' dir='ltr'>quecunque</span> <span class='ocrx_word' id='word_1_180' title='bbox 386 1029 502 1073; x_wconf 84' lang='lat' dir='ltr'>fuerint</span> <span class='ocrx_word' id='word_1_181' title='bbox 514 1053 523 1066; x_wconf 92' lang='lat'>,</span> <span class='ocrx_word' id='word_1_182' title='bbox 543 1029 580 1064; x_wconf 64' lang='lat' dir='ltr'>(J</span> <span class='ocrx_word' id='word_1_183' title='bbox 598 1026 782 1071; x_wconf 73' lang='lat' dir='ltr'>earumfilii,</span> <span class='ocrx_word' id='word_1_184' title='bbox 811 1039 843 1060; x_wconf 88' lang='lat' dir='ltr'>ac</span> <span class='ocrx_word' id='word_1_185' title='bbox 860 1026 1042 1071; x_wconf 83' lang='lat' dir='ltr'><em>dependentes</em></span> <span class='ocrx_word' id='word_1_186' title='bbox 1059 1036 1111 1071; x_wconf 79' lang='lat' dir='ltr'>per</span> <span class='ocrx_word' id='word_1_187' title='bbox 1127 1028 1335 1072; x_wconf 71' lang='lat' dir='ltr'>Defiendentes</span> <span class='ocrx_word' id='word_1_188' title='bbox 1355 1040 1391 1060; x_wconf 88' lang='lat' dir='ltr'>ex</span> <span class='ocrx_word' id='word_1_189' title='bbox 1412 1028 1502 1061; x_wconf 79' lang='lat' dir='ltr'>Linea</span> <span class='ocrx_word' id='word_1_190' title='bbox 1523 1032 1596 1062; x_wconf 71' lang='lat' dir='ltr'>m‘la</span> <span class='ocrx_word' id='word_1_191' title='bbox 1622 1030 1708 1074; x_wconf 67' lang='lat' dir='ltr'>Regis</span> <span class='ocrx_word' id='word_1_192' title='bbox 1726 1029 1884 1069; x_wconf 70' lang='lat' dir='ltr'>Catholici,</span> 
     </span>
     <span class='ocr_line' id='line_1_16' title="bbox 86 1073 1882 1126; baseline -0.002 -11"><span class='ocrx_word' id='word_1_193' title='bbox 86 1080 209 1125; x_wconf 80' lang='lat' dir='ltr'>Philippi</span> <span class='ocrx_word' id='word_1_194' title='bbox 233 1073 342 1112; x_wconf 79' lang='lat' dir='ltr'>Tertii,</span> <span class='ocrx_word' id='word_1_195' title='bbox 364 1080 466 1123; x_wconf 87' lang='lat' dir='ltr'>(modo</span> <span class='ocrx_word' id='word_1_196' title='bbox 476 1079 603 1123; x_wconf 77' lang='lat' dir='ltr'>feliciter</span> <span class='ocrx_word' id='word_1_197' title='bbox 617 1078 782 1122; x_wconf 79' lang='lat' dir='ltr'>regnantis)</span> <span class='ocrx_word' id='word_1_198' title='bbox 799 1077 829 1110; x_wconf 83' lang='lat' dir='ltr'>in</span> <span class='ocrx_word' id='word_1_199' title='bbox 846 1076 988 1120; x_wconf 84' lang='lat' dir='ltr'>infinitum</span> <span class='ocrx_word' id='word_1_200' title='bbox 1006 1089 1025 1109; x_wconf 86' lang='lat' dir='ltr'>a</span> <span class='ocrx_word' id='word_1_201' title='bbox 1040 1077 1177 1110; x_wconf 62' lang='lat' dir='ltr'>(lidorum</span> <span class='ocrx_word' id='word_1_202' title='bbox 1194 1075 1371 1124; x_wconf 75' lang='lat' dir='ltr'>Succcffione</span> <span class='ocrx_word' id='word_1_203' title='bbox 1385 1079 1583 1112; x_wconf 80' lang='lat' dir='ltr'>excludantur.</span> <span class='ocrx_word' id='word_1_204' title='bbox 1636 1079 1737 1123; x_wconf 75' lang='lat' dir='ltr'>Cujus</span> <span class='ocrx_word' id='word_1_205' title='bbox 1748 1079 1882 1126; x_wconf 79' lang='lat' dir='ltr'>quidem</span> 
     </span>
     <span class='ocr_line' id='line_1_17' title="bbox 86 1125 1883 1175; baseline -0.002 -11"><span class='ocrx_word' id='word_1_206' title='bbox 86 1130 290 1164; x_wconf 82' lang='lat' dir='ltr'>Instrumenti</span> <span class='ocrx_word' id='word_1_207' title='bbox 312 1133 582 1162; x_wconf 76' lang='lat' dir='ltr'>&amp;contentarum</span> <span class='ocrx_word' id='word_1_208' title='bbox 602 1128 634 1161; x_wconf 87' lang='lat' dir='ltr'>in</span> <span class='ocrx_word' id='word_1_209' title='bbox 653 1139 691 1161; x_wconf 87' lang='lat' dir='ltr'>eo</span> <span class='ocrx_word' id='word_1_210' title='bbox 717 1125 968 1172; x_wconf 80' lang='lat' dir='ltr'>Obligationum</span> <span class='ocrx_word' id='word_1_211' title='bbox 988 1137 1071 1160; x_wconf 83' lang='lat' dir='ltr'>nova</span> <span class='ocrx_word' id='word_1_212' title='bbox 1088 1127 1211 1172; x_wconf 69' lang='lat' dir='ltr'>adjetsta</span> <span class='ocrx_word' id='word_1_213' title='bbox 1236 1128 1334 1174; x_wconf 79' lang='lat' dir='ltr'>Regis</span> <span class='ocrx_word' id='word_1_214' title='bbox 1352 1125 1508 1161; x_wconf 85' lang='lat' dir='ltr'>Catholici</span> <span class='ocrx_word' id='word_1_215' title='bbox 1537 1130 1752 1175; x_wconf 82' lang='lat' dir='ltr'>acceptatione</span> <span class='ocrx_word' id='word_1_216' title='bbox 1778 1128 1883 1162; x_wconf 88' lang='lat' dir='ltr'>secuta</span> 
     </span>
     <span class='ocr_line' id='line_1_18' title="bbox 86 1174 1883 1227; baseline -0.001 -13"><span class='ocrx_word' id='word_1_217' title='bbox 86 1179 147 1214; x_wconf 88' lang='lat' dir='ltr'>fuit</span> <span class='ocrx_word' id='word_1_218' title='bbox 162 1177 349 1225; x_wconf 70' lang='lat' dir='ltr'>approbatio</span> <span class='ocrx_word' id='word_1_219' title='bbox 362 1202 370 1216; x_wconf 87' lang='lat'><em>‚</em></span> <span class='ocrx_word' id='word_1_220' title='bbox 398 1182 430 1212; x_wconf 67' lang='lat'>&amp;-</span> <span class='ocrx_word' id='word_1_221' title='bbox 445 1176 644 1212; x_wconf 82' lang='lat' dir='ltr'>confirmatio</span> <span class='ocrx_word' id='word_1_222' title='bbox 665 1177 868 1224; x_wconf 83' lang='lat' dir='ltr'>Imperatoris</span> <span class='ocrx_word' id='word_1_223' title='bbox 886 1188 943 1223; x_wconf 87' lang='lat' dir='ltr'>per</span> <span class='ocrx_word' id='word_1_224' title='bbox 958 1174 1111 1222; x_wconf 82' lang='lat' dir='ltr'>Diploma</span> <span class='ocrx_word' id='word_1_225' title='bbox 1127 1178 1280 1224; x_wconf 68' lang='lat' dir='ltr'>Ejusdem</span> <span class='ocrx_word' id='word_1_226' title='bbox 1297 1178 1426 1216; x_wconf 80' lang='lat' dir='ltr'>datum,</span> <span class='ocrx_word' id='word_1_227' title='bbox 1449 1189 1483 1210; x_wconf 83' lang='lat' dir='ltr'>ac</span> <span class='ocrx_word' id='word_1_228' title='bbox 1497 1179 1630 1225; x_wconf 85' lang='lat' dir='ltr'>repetita</span> <span class='ocrx_word' id='word_1_229' title='bbox 1650 1180 1683 1212; x_wconf 89' lang='lat' dir='ltr'>in</span> <span class='ocrx_word' id='word_1_230' title='bbox 1699 1178 1760 1213; x_wconf 84' lang='lat' dir='ltr'>alio</span> <span class='ocrx_word' id='word_1_231' title='bbox 1782 1179 1883 1227; x_wconf 75' lang='lat' dir='ltr'>magis</span> 
     </span>
     <span class='ocr_line' id='line_1_19' title="bbox 85 1223 1134 1276; baseline -0.003 -12"><span class='ocrx_word' id='word_1_232' title='bbox 85 1229 235 1272; x_wconf 81' lang='lat' dir='ltr'>solemni,</span> <span class='ocrx_word' id='word_1_233' title='bbox 260 1230 333 1261; x_wconf 86' lang='lat' dir='ltr'>dato</span> <span class='ocrx_word' id='word_1_234' title='bbox 352 1228 401 1261; x_wconf 87' lang='lat' dir='ltr'>die</span> <span class='ocrx_word' id='word_1_235' title='bbox 424 1227 544 1263; x_wconf 70' lang='lat' dir='ltr'>decima</span> <span class='ocrx_word' id='word_1_236' title='bbox 561 1227 673 1276; x_wconf 65' lang='lat' dir='ltr'>quinta</span> <span class='ocrx_word' id='word_1_237' title='bbox 690 1227 834 1272; x_wconf 85' lang='lat' dir='ltr'>ejusdem</span> <span class='ocrx_word' id='word_1_238' title='bbox 849 1223 966 1261; x_wconf 69' lang='lat' dir='ltr'>Mentis</span> <span class='ocrx_word' id='word_1_239' title='bbox 985 1230 1019 1260; x_wconf 86' lang='lat'>&amp;</span> <span class='ocrx_word' id='word_1_240' title='bbox 1037 1225 1134 1261; x_wconf 81' lang='lat' dir='ltr'>Anni.</span> 
     </span>
    </p>
   </div>
   <div class='ocr_carea' id='block_1_7' title="bbox 83 1282 1883 1534">
    <p class='ocr_par' dir='ltr' id='par_1_8' title="bbox 83 1282 1883 1534">
     <span class='ocr_line' id='line_1_20' title="bbox 234 1282 1883 1333; baseline 0.001 -13"><span class='ocrx_word' id='word_1_241' title='bbox 234 1286 363 1321; x_wconf 83' lang='lat' dir='ltr'>Horum</span> <span class='ocrx_word' id='word_1_242' title='bbox 376 1285 674 1322; x_wconf 79' lang='lat' dir='ltr'>soleniuiffimorurn</span> <span class='ocrx_word' id='word_1_243' title='bbox 690 1287 819 1320; x_wconf 74' lang='lat' dir='ltr'>atstuum</span> <span class='ocrx_word' id='word_1_244' title='bbox 833 1285 931 1321; x_wconf 73' lang='lat' dir='ltr'>unic&amp;</span> <span class='ocrx_word' id='word_1_245' title='bbox 950 1283 1044 1320; x_wconf 71' lang='lat' dir='ltr'>titul&amp;</span> <span class='ocrx_word' id='word_1_246' title='bbox 1064 1282 1196 1333; x_wconf 71' lang='lat' dir='ltr'>poisedit</span> <span class='ocrx_word' id='word_1_247' title='bbox 1213 1285 1361 1332; x_wconf 67' lang='lat' dir='ltr'>praediCta</span> <span class='ocrx_word' id='word_1_248' title='bbox 1374 1286 1487 1333; x_wconf 76' lang='lat' dir='ltr'>Regna</span> <span class='ocrx_word' id='word_1_249' title='bbox 1503 1290 1535 1321; x_wconf 69' lang='grc' dir='ltr'>δε</span> <span class='ocrx_word' id='word_1_250' title='bbox 1548 1287 1651 1320; x_wconf 87' lang='lat' dir='ltr'>Status</span> <span class='ocrx_word' id='word_1_251' title='bbox 1667 1287 1883 1321; x_wconf 83' lang='lat' dir='ltr'>Ferdinandus</span> 
     </span>
     <span class='ocr_line' id='line_1_21' title="bbox 84 1335 1882 1384; baseline 0.001 -14"><span class='ocrx_word' id='word_1_252' title='bbox 84 1337 245 1371; x_wconf 83' lang='lat' dir='ltr'>Secundus</span> <span class='ocrx_word' id='word_1_253' title='bbox 266 1340 459 1379; x_wconf 67' lang='lat' dir='ltr'>Imperator,</span> <span class='ocrx_word' id='word_1_254' title='bbox 484 1350 520 1371; x_wconf 81' lang='lat' dir='ltr'>ex</span> <span class='ocrx_word' id='word_1_255' title='bbox 536 1349 602 1384; x_wconf 87' lang='lat' dir='ltr'>quo</span> <span class='ocrx_word' id='word_1_256' title='bbox 625 1339 664 1371; x_wconf 89' lang='lat' dir='ltr'>ad</span> <span class='ocrx_word' id='word_1_257' title='bbox 682 1337 917 1371; x_wconf 87' lang='lat' dir='ltr'>Ferdinandum</span> <span class='ocrx_word' id='word_1_258' title='bbox 937 1339 1169 1383; x_wconf 84' lang='lat' dir='ltr'>Imperatorem</span> <span class='ocrx_word' id='word_1_259' title='bbox 1188 1335 1356 1374; x_wconf 87' lang='lat' dir='ltr'>Tertium,</span> <span class='ocrx_word' id='word_1_260' title='bbox 1387 1337 1462 1382; x_wconf 82' lang='lat' dir='ltr'>Ejus</span> <span class='ocrx_word' id='word_1_261' title='bbox 1481 1337 1758 1384; x_wconf 86' lang='lat' dir='ltr'>Primogenitum‚</span> <span class='ocrx_word' id='word_1_262' title='bbox 1784 1339 1882 1371; x_wconf 88' lang='lat' dir='ltr'>deve-</span> 
     </span>
     <span class='ocr_line' id='line_1_22' title="bbox 85 1385 1883 1434; baseline 0.001 -15"><span class='ocrx_word' id='word_1_263' title='bbox 85 1398 221 1428; x_wconf 85' lang='lat' dir='ltr'>nerunt,</span> <span class='ocrx_word' id='word_1_264' title='bbox 251 1399 287 1420; x_wconf 88' lang='lat' dir='ltr'>ex</span> <span class='ocrx_word' id='word_1_265' title='bbox 304 1388 365 1421; x_wconf 85' lang='lat' dir='ltr'>Isto</span> <span class='ocrx_word' id='word_1_266' title='bbox 381 1389 419 1420; x_wconf 86' lang='lat' dir='ltr'>ad</span> <span class='ocrx_word' id='word_1_267' title='bbox 440 1388 693 1433; x_wconf 83' lang='lat' dir='ltr'>Primogenitum</span> <span class='ocrx_word' id='word_1_268' title='bbox 714 1386 913 1434; x_wconf 85' lang='lat' dir='ltr'>Leopoldum</span> <span class='ocrx_word' id='word_1_269' title='bbox 935 1387 1102 1424; x_wconf 89' lang='lat' dir='ltr'>Primum,</span> <span class='ocrx_word' id='word_1_270' title='bbox 1127 1387 1381 1432; x_wconf 85' lang='lat' dir='ltr'>Imperatorem,</span> <span class='ocrx_word' id='word_1_271' title='bbox 1407 1398 1443 1419; x_wconf 87' lang='lat' dir='ltr'>ex</span> <span class='ocrx_word' id='word_1_272' title='bbox 1463 1398 1529 1433; x_wconf 89' lang='lat' dir='ltr'>quo</span> <span class='ocrx_word' id='word_1_273' title='bbox 1549 1388 1587 1420; x_wconf 86' lang='lat' dir='ltr'>nd</span> <span class='ocrx_word' id='word_1_274' title='bbox 1613 1385 1789 1432; x_wconf 80' lang='lat' dir='ltr'>josephum</span> <span class='ocrx_word' id='word_1_275' title='bbox 1816 1388 1883 1421; x_wconf 90' lang='lat' dir='ltr'>Pri-</span> 
     </span>
     <span class='ocr_line' id='line_1_23' title="bbox 83 1434 1883 1484; baseline 0 -14"><span class='ocrx_word' id='word_1_276' title='bbox 83 1438 426 1483; x_wconf 73' lang='lat' dir='ltr'>muinlsnperatorem,</span> <span class='ocrx_word' id='word_1_277' title='bbox 443 1438 695 1484; x_wconf 74' lang='lat' dir='ltr'>Ptirnogenitum</span> <span class='ocrx_word' id='word_1_278' title='bbox 717 1434 924 1474; x_wconf 79' lang='lat' dir='ltr'>transierunt3</span> <span class='ocrx_word' id='word_1_279' title='bbox 951 1434 1019 1483; x_wconf 70' lang='lat' dir='ltr'>quo</span> <span class='ocrx_word' id='word_1_280' title='bbox 1041 1435 1193 1482; x_wconf 80' lang='lat' dir='ltr'>quidem,</span> <span class='ocrx_word' id='word_1_281' title='bbox 1219 1434 1342 1470; x_wconf 65' lang='lat' dir='ltr'>duabus</span> <span class='ocrx_word' id='word_1_282' title='bbox 1359 1437 1484 1470; x_wconf 78' lang='lat' dir='ltr'>tantuin</span> <span class='ocrx_word' id='word_1_283' title='bbox 1510 1436 1630 1471; x_wconf 66' lang='lat' dir='ltr'>reliCtis</span> <span class='ocrx_word' id='word_1_284' title='bbox 1656 1435 1803 1476; x_wconf 71' lang='lat' dir='ltr'>filiabus,</span> <span class='ocrx_word' id='word_1_285' title='bbox 1826 1439 1883 1471; x_wconf 88' lang='lat' dir='ltr'>de-</span> 
     </span>
     <span class='ocr_line' id='line_1_24' title="bbox 85 1483 1879 1534; baseline 0.001 -14"><span class='ocrx_word' id='word_1_286' title='bbox 85 1485 216 1527; x_wconf 61' lang='lat' dir='ltr'>funt‘m,</span> <span class='ocrx_word' id='word_1_287' title='bbox 241 1488 279 1520; x_wconf 89' lang='lat' dir='ltr'>ad</span> <span class='ocrx_word' id='word_1_288' title='bbox 305 1486 458 1521; x_wconf 84' lang='lat' dir='ltr'>Carolum</span> <span class='ocrx_word' id='word_1_289' title='bbox 480 1489 608 1520; x_wconf 80' lang='lat' dir='ltr'>Sextum</span> <span class='ocrx_word' id='word_1_290' title='bbox 630 1490 880 1534; x_wconf 82' lang='lat' dir='ltr'>Imperatorem,</span> <span class='ocrx_word' id='word_1_291' title='bbox 904 1487 977 1531; x_wconf 88' lang='lat' dir='ltr'>Ejus</span> <span class='ocrx_word' id='word_1_292' title='bbox 999 1488 1159 1524; x_wconf 81' lang='lat' dir='ltr'>Fratrem,</span> <span class='ocrx_word' id='word_1_293' title='bbox 1185 1483 1351 1519; x_wconf 81' lang='lat' dir='ltr'>transitum</span> <span class='ocrx_word' id='word_1_294' title='bbox 1376 1484 1536 1521; x_wconf 86' lang='lat' dir='ltr'>fecerunt.</span> <span class='ocrx_word' id='word_1_295' title='bbox 1589 1486 1676 1519; x_wconf 90' lang='lat' dir='ltr'>Cnm</span> <span class='ocrx_word' id='word_1_296' title='bbox 1702 1499 1781 1533; x_wconf 82' lang='lat' dir='ltr'>ergo</span> <span class='ocrx_word' id='word_1_297' title='bbox 1802 1488 1879 1526; x_wconf 83' lang='lat' dir='ltr'>Hic,</span> 
     </span>
    </p>
   </div>
   <div class='ocr_carea' id='block_1_8' title="bbox 50 1533 1884 1583">
    <p class='ocr_par' dir='ltr' id='par_1_9' title="bbox 50 1533 1884 1583">
     <span class='ocr_line' id='line_1_25' title="bbox 50 1533 1884 1583; baseline -0.001 -12"><span class='ocrx_word' id='word_1_298' title='bbox 50 1548 51 1551; x_wconf 73' lang='grc'>’</span> <span class='ocrx_word' id='word_1_299' title='bbox 84 1535 202 1571; x_wconf 73' lang='lat' dir='ltr'>reliCtis</span> <span class='ocrx_word' id='word_1_300' title='bbox 221 1537 344 1570; x_wconf 71' lang='lat' dir='ltr'>tantum</span> <span class='ocrx_word' id='word_1_301' title='bbox 363 1536 484 1571; x_wconf 84' lang='lat' dir='ltr'>duabus</span> <span class='ocrx_word' id='word_1_302' title='bbox 504 1535 646 1575; x_wconf 80' lang='lat' dir='ltr'>filiabus,</span> <span class='ocrx_word' id='word_1_303' title='bbox 671 1537 764 1582; x_wconf 69' lang='lat' dir='ltr'>liujus</span> <span class='ocrx_word' id='word_1_304' title='bbox 782 1537 852 1570; x_wconf 83' lang='lat' dir='ltr'>vitae</span> <span class='ocrx_word' id='word_1_305' title='bbox 869 1534 994 1570; x_wconf 88' lang='lat' dir='ltr'>cursum</span> <span class='ocrx_word' id='word_1_306' title='bbox 1011 1533 1148 1570; x_wconf 83' lang='lat' dir='ltr'>finierit,</span> <span class='ocrx_word' id='word_1_307' title='bbox 1172 1534 1320 1570; x_wconf 84' lang='lat' dir='ltr'>&amp;nullus</span> <span class='ocrx_word' id='word_1_308' title='bbox 1336 1534 1462 1570; x_wconf 85' lang='lat' dir='ltr'>aliunde</span> <span class='ocrx_word' id='word_1_309' title='bbox 1478 1536 1735 1583; x_wconf 79' lang='lat' dir='ltr'>existatAgnatus</span> <span class='ocrx_word' id='word_1_310' title='bbox 1753 1534 1884 1570; x_wconf 83' lang='lat' dir='ltr'>descen-</span> 
     </span>
    </p>
   </div>
   <div class='ocr_carea' id='block_1_9' title="bbox 87 1583 1883 1783">
    <p class='ocr_par' dir='ltr' id='par_1_10' title="bbox 87 1583 1883 1783">
     <span class='ocr_line' id='line_1_26' title="bbox 88 1583 1883 1633; baseline 0.001 -14"><span class='ocrx_word' id='word_1_311' title='bbox 88 1589 164 1620; x_wconf 84' lang='lat' dir='ltr'>dens</span> <span class='ocrx_word' id='word_1_312' title='bbox 183 1597 219 1619; x_wconf 91' lang='lat' dir='ltr'>ex</span> <span class='ocrx_word' id='word_1_313' title='bbox 240 1586 458 1620; x_wconf 87' lang='lat' dir='ltr'>Maximiliano</span> <span class='ocrx_word' id='word_1_314' title='bbox 481 1587 641 1622; x_wconf 84' lang='lat' dir='ltr'>Secundo,</span> <span class='ocrx_word' id='word_1_315' title='bbox 668 1597 726 1620; x_wconf 80' lang='lat' dir='ltr'>nec</span> <span class='ocrx_word' id='word_1_316' title='bbox 740 1598 777 1620; x_wconf 88' lang='lat' dir='ltr'>ex</span> <span class='ocrx_word' id='word_1_317' title='bbox 795 1586 988 1620; x_wconf 87' lang='lat' dir='ltr'>Ferdinando</span> <span class='ocrx_word' id='word_1_318' title='bbox 1009 1585 1172 1624; x_wconf 86' lang='lat' dir='ltr'>Secundo,</span> <span class='ocrx_word' id='word_1_319' title='bbox 1196 1584 1263 1619; x_wconf 87' lang='lat' dir='ltr'>dies</span> <span class='ocrx_word' id='word_1_320' title='bbox 1281 1595 1346 1620; x_wconf 87' lang='lat' dir='ltr'>tam</span> <span class='ocrx_word' id='word_1_321' title='bbox 1367 1583 1539 1620; x_wconf 88' lang='lat' dir='ltr'>solenniter</span> <span class='ocrx_word' id='word_1_322' title='bbox 1557 1586 1709 1633; x_wconf 67' lang='lat' dir='ltr'>stipulatae</span> <span class='ocrx_word' id='word_1_323' title='bbox 1728 1585 1883 1620; x_wconf 81' lang='lat' dir='ltr'>reversio-</span> 
     </span>
     <span class='ocr_line' id='line_1_27' title="bbox 87 1631 1883 1682; baseline 0 -12"><span class='ocrx_word' id='word_1_324' title='bbox 87 1638 134 1670; x_wconf 85' lang='lat' dir='ltr'>nis</span> <span class='ocrx_word' id='word_1_325' title='bbox 149 1637 295 1674; x_wconf 76' lang='lat' dir='ltr'>advenit,</span> <span class='ocrx_word' id='word_1_326' title='bbox 322 1635 358 1672; x_wconf 77' lang='grc' dir='ltr'>ὃ(</span> <span class='ocrx_word' id='word_1_327' title='bbox 374 1634 520 1670; x_wconf 77' lang='lat' dir='ltr'>Clausala</span> <span class='ocrx_word' id='word_1_328' title='bbox 544 1636 594 1669; x_wconf 87' lang='lat' dir='ltr'>illa</span> <span class='ocrx_word' id='word_1_329' title='bbox 607 1660 616 1674; x_wconf 86' lang='lat'>‚</span> <span class='ocrx_word' id='word_1_330' title='bbox 642 1635 729 1682; x_wconf 84' lang='lat' dir='ltr'>quasi</span> <span class='ocrx_word' id='word_1_331' title='bbox 752 1633 951 1671; x_wconf 77' lang='lat' dir='ltr'>parenthesis</span> <span class='ocrx_word' id='word_1_332' title='bbox 968 1635 1075 1669; x_wconf 87' lang='lat' dir='ltr'>Lineae</span> <span class='ocrx_word' id='word_1_333' title='bbox 1093 1631 1322 1682; x_wconf 82' lang='lat' dir='ltr'>primogenitae</span> <span class='ocrx_word' id='word_1_334' title='bbox 1335 1660 1346 1674; x_wconf 94' lang='lat'><em>‚</em></span> <span class='ocrx_word' id='word_1_335' title='bbox 1373 1633 1464 1669; x_wconf 88' lang='lat' dir='ltr'>suum</span> <span class='ocrx_word' id='word_1_336' title='bbox 1484 1634 1637 1670; x_wconf 83' lang='lat' dir='ltr'>succilum</span> <span class='ocrx_word' id='word_1_337' title='bbox 1655 1634 1782 1670; x_wconf 87' lang='lat' dir='ltr'>cursum</span> <span class='ocrx_word' id='word_1_338' title='bbox 1799 1632 1883 1670; x_wconf 77' lang='lat' dir='ltr'>reas-</span> 
     </span>
     <span class='ocr_line' id='line_1_28' title="bbox 87 1684 1882 1733; baseline -0.001 -13"><span class='ocrx_word' id='word_1_339' title='bbox 87 1684 206 1720; x_wconf 84' lang='lat' dir='ltr'>sumere</span> <span class='ocrx_word' id='word_1_340' title='bbox 224 1684 326 1720; x_wconf 86' lang='lat' dir='ltr'>debet.</span> <span class='ocrx_word' id='word_1_341' title='bbox 381 1687 532 1732; x_wconf 86' lang='lat' dir='ltr'>Cumque</span> <span class='ocrx_word' id='word_1_342' title='bbox 548 1685 766 1720; x_wconf 85' lang='lat' dir='ltr'>Sereniffimus</span> <span class='ocrx_word' id='word_1_343' title='bbox 785 1687 854 1720; x_wconf 82' lang='lat' dir='ltr'>Rex</span> <span class='ocrx_word' id='word_1_344' title='bbox 870 1684 1070 1720; x_wconf 75' lang='lat' dir='ltr'>catholicus,</span> <span class='ocrx_word' id='word_1_345' title='bbox 1094 1684 1260 1732; x_wconf 87' lang='lat' dir='ltr'>Philippus</span> <span class='ocrx_word' id='word_1_346' title='bbox 1277 1686 1419 1733; x_wconf 82' lang='lat' dir='ltr'>Qintus</span> <span class='ocrx_word' id='word_1_347' title='bbox 1431 1708 1440 1721; x_wconf 82' lang='lat'><em>‚</em></span> <span class='ocrx_word' id='word_1_348' title='bbox 1472 1696 1627 1731; x_wconf 85' lang='lat' dir='ltr'>tanquam</span> <span class='ocrx_word' id='word_1_349' title='bbox 1654 1687 1728 1729; x_wconf 71' lang='lat' dir='ltr'>Ejus</span> <span class='ocrx_word' id='word_1_350' title='bbox 1755 1687 1882 1733; x_wconf 79' lang='lat' dir='ltr'>Caput,</span> 
     </span>
     <span class='ocr_line' id='line_1_29' title="bbox 87 1732 1882 1783; baseline -0.001 -11"><span class='ocrx_word' id='word_1_351' title='bbox 87 1742 119 1772; x_wconf 69' lang='grc' dir='ltr'>ὅ(</span> <span class='ocrx_word' id='word_1_352' title='bbox 134 1737 279 1769; x_wconf 81' lang='lat' dir='ltr'>omnium</span> <span class='ocrx_word' id='word_1_353' title='bbox 300 1735 393 1777; x_wconf 76' lang='lat' dir='ltr'>hujus</span> <span class='ocrx_word' id='word_1_354' title='bbox 412 1737 519 1770; x_wconf 88' lang='lat' dir='ltr'>Lineae</span> <span class='ocrx_word' id='word_1_355' title='bbox 536 1735 804 1771; x_wconf 86' lang='lat' dir='ltr'>Descendentium</span> <span class='ocrx_word' id='word_1_356' title='bbox 823 1739 890 1781; x_wconf 83' lang='lat' dir='ltr'>jura</span> <span class='ocrx_word' id='word_1_357' title='bbox 907 1732 1132 1782; x_wconf 81' lang='lat' dir='ltr'>repraesentans</span> <span class='ocrx_word' id='word_1_358' title='bbox 1145 1759 1156 1774; x_wconf 90' lang='lat'>,</span> <span class='ocrx_word' id='word_1_359' title='bbox 1179 1733 1295 1769; x_wconf 85' lang='lat' dir='ltr'>habeat</span> <span class='ocrx_word' id='word_1_360' title='bbox 1314 1747 1373 1783; x_wconf 90' lang='lat' dir='ltr'>pro</span> <span class='ocrx_word' id='word_1_361' title='bbox 1383 1732 1413 1770; x_wconf 88' lang='lat' dir='ltr'>se</span> <span class='ocrx_word' id='word_1_362' title='bbox 1429 1734 1654 1782; x_wconf 81' lang='lat' dir='ltr'>expreffiffime</span> <span class='ocrx_word' id='word_1_363' title='bbox 1669 1738 1790 1782; x_wconf 77' lang='lat' dir='ltr'>Legem</span> <span class='ocrx_word' id='word_1_364' title='bbox 1807 1736 1882 1782; x_wconf 78' lang='lat' dir='ltr'>(lex</span> 
     </span>
    </p>
   </div>
   <div class='ocr_carea' id='block_1_10' title="bbox 48 1781 1883 1833">
    <p class='ocr_par' dir='ltr' id='par_1_11' title="bbox 48 1781 1883 1833">
     <span class='ocr_line' id='line_1_30' title="bbox 48 1781 1883 1833; baseline 0 -13"><span class='ocrx_word' id='word_1_365' title='bbox 48 1804 50 1816; x_wconf 62' lang='grc' dir='ltr'><strong>ι</strong></span> <span class='ocrx_word' id='word_1_366' title='bbox 87 1798 171 1820; x_wconf 88' lang='lat' dir='ltr'>enim</span> <span class='ocrx_word' id='word_1_367' title='bbox 193 1797 267 1819; x_wconf 88' lang='lat' dir='ltr'>vere</span> <span class='ocrx_word' id='word_1_368' title='bbox 282 1787 327 1820; x_wconf 83' lang='lat' dir='ltr'>est</span> <span class='ocrx_word' id='word_1_369' title='bbox 342 1787 374 1819; x_wconf 91' lang='lat' dir='ltr'>in</span> <span class='ocrx_word' id='word_1_370' title='bbox 392 1784 461 1820; x_wconf 86' lang='lat' dir='ltr'>casu</span> <span class='ocrx_word' id='word_1_371' title='bbox 481 1798 543 1820; x_wconf 85' lang='lat' dir='ltr'>una</span> <span class='ocrx_word' id='word_1_372' title='bbox 559 1790 591 1821; x_wconf 71' lang='grc' dir='ltr'>δε</span> <span class='ocrx_word' id='word_1_373' title='bbox 605 1786 703 1820; x_wconf 85' lang='lat' dir='ltr'>altera</span> <span class='ocrx_word' id='word_1_374' title='bbox 718 1785 948 1830; x_wconf 80' lang='lat' dir='ltr'>renunciatio)</span> <span class='ocrx_word' id='word_1_375' title='bbox 972 1783 1026 1819; x_wconf 77' lang='lat' dir='ltr'>abs</span> <span class='ocrx_word' id='word_1_376' title='bbox 1043 1781 1142 1819; x_wconf 84' lang='lat' dir='ltr'>dubio</span> <span class='ocrx_word' id='word_1_377' title='bbox 1164 1783 1321 1820; x_wconf 82' lang='lat' dir='ltr'>abstinere</span> <span class='ocrx_word' id='word_1_378' title='bbox 1345 1784 1458 1824; x_wconf 63' lang='lat' dir='ltr'>deber,</span> <span class='ocrx_word' id='word_1_379' title='bbox 1484 1787 1522 1820; x_wconf 88' lang='lat' dir='ltr'>Et</span> <span class='ocrx_word' id='word_1_380' title='bbox 1555 1787 1672 1825; x_wconf 84' lang='lat' dir='ltr'>Linea,</span> <span class='ocrx_word' id='word_1_381' title='bbox 1700 1799 1798 1833; x_wconf 83' lang='lat' dir='ltr'>quarn</span> <span class='ocrx_word' id='word_1_382' title='bbox 1818 1785 1883 1832; x_wconf 85' lang='lat' dir='ltr'>ipse</span> 
     </span>
    </p>
   </div>
   <div class='ocr_carea' id='block_1_11' title="bbox 89 1832 1883 1985">
    <p class='ocr_par' dir='ltr' id='par_1_12' title="bbox 89 1832 1883 1985">
     <span class='ocr_line' id='line_1_31' title="bbox 89 1832 1883 1883; baseline -0.001 -13"><span class='ocrx_word' id='word_1_383' title='bbox 89 1833 304 1883; x_wconf 81' lang='lat' dir='ltr'>repraesentat‚</span> <span class='ocrx_word' id='word_1_384' title='bbox 329 1849 418 1883; x_wconf 65' lang='lat' dir='ltr'>quae,</span> <span class='ocrx_word' id='word_1_385' title='bbox 440 1835 620 1870; x_wconf 82' lang='lat' dir='ltr'>obediendo</span> <span class='ocrx_word' id='word_1_386' title='bbox 642 1832 935 1870; x_wconf 85' lang='lat' dir='ltr'>renunciationibus</span> <span class='ocrx_word' id='word_1_387' title='bbox 958 1834 1103 1882; x_wconf 84' lang='lat' dir='ltr'>plurimis</span> <span class='ocrx_word' id='word_1_388' title='bbox 1123 1832 1242 1869; x_wconf 87' lang='lat' dir='ltr'>abhinc</span> <span class='ocrx_word' id='word_1_389' title='bbox 1257 1835 1370 1877; x_wconf 84' lang='lat' dir='ltr'>annis,</span> <span class='ocrx_word' id='word_1_390' title='bbox 1400 1835 1501 1870; x_wconf 88' lang='lat' dir='ltr'>caruit</span> <span class='ocrx_word' id='word_1_391' title='bbox 1525 1833 1769 1883; x_wconf 76' lang='lat' dir='ltr'>opulentissimis</span> <span class='ocrx_word' id='word_1_392' title='bbox 1789 1837 1883 1870; x_wconf 81' lang='lat' dir='ltr'>Stati-</span> 
     </span>
     <span class='ocr_line' id='line_1_32' title="bbox 90 1883 1883 1934; baseline 0 -15"><span class='ocrx_word' id='word_1_393' title='bbox 90 1887 166 1924; x_wconf 88' lang='lat' dir='ltr'>bus,</span> <span class='ocrx_word' id='word_1_394' title='bbox 192 1897 249 1932; x_wconf 88' lang='lat' dir='ltr'>per</span> <span class='ocrx_word' id='word_1_395' title='bbox 265 1884 411 1931; x_wconf 84' lang='lat' dir='ltr'>ipsasmet</span> <span class='ocrx_word' id='word_1_396' title='bbox 430 1887 706 1922; x_wconf 81' lang='lat' dir='ltr'>renunciationes‚</span> <span class='ocrx_word' id='word_1_397' title='bbox 730 1887 764 1920; x_wconf 92' lang='lat' dir='ltr'>in</span> <span class='ocrx_word' id='word_1_398' title='bbox 784 1887 829 1920; x_wconf 89' lang='lat' dir='ltr'>eis</span> <span class='ocrx_word' id='word_1_399' title='bbox 852 1885 1063 1933; x_wconf 84' lang='lat' dir='ltr'>redintegrari</span> <span class='ocrx_word' id='word_1_400' title='bbox 1078 1883 1194 1925; x_wconf 88' lang='lat' dir='ltr'>debet,</span> <span class='ocrx_word' id='word_1_401' title='bbox 1221 1897 1296 1921; x_wconf 83' lang='lat' dir='ltr'>eum</span> <span class='ocrx_word' id='word_1_402' title='bbox 1313 1896 1507 1934; x_wconf 85' lang='lat' dir='ltr'>perventum</span> <span class='ocrx_word' id='word_1_403' title='bbox 1531 1885 1568 1920; x_wconf 85' lang='lat' dir='ltr'>sit</span> <span class='ocrx_word' id='word_1_404' title='bbox 1591 1887 1629 1920; x_wconf 86' lang='lat' dir='ltr'>ad</span> <span class='ocrx_word' id='word_1_405' title='bbox 1648 1884 1752 1920; x_wconf 83' lang='lat' dir='ltr'>casum</span> <span class='ocrx_word' id='word_1_406' title='bbox 1767 1909 1776 1922; x_wconf 92' lang='lat'>‚</span> <span class='ocrx_word' id='word_1_407' title='bbox 1816 1897 1883 1933; x_wconf 88' lang='lat' dir='ltr'>quo</span> 
     </span>
     <span class='ocr_line' id='line_1_33' title="bbox 89 1934 1835 1985; baseline 0 -14"><span class='ocrx_word' id='word_1_408' title='bbox 89 1934 331 1985; x_wconf 33' lang='lat' dir='ltr'>ger-regreliiim</span> <span class='ocrx_word' id='word_1_409' title='bbox 349 1936 482 1983; x_wconf 90' lang='lat' dir='ltr'>privatio</span> <span class='ocrx_word' id='word_1_410' title='bbox 500 1934 613 1971; x_wconf 73' lang='lat' dir='ltr'>celiare</span> <span class='ocrx_word' id='word_1_411' title='bbox 630 1936 736 1972; x_wconf 79' lang='lat' dir='ltr'>debet.</span> <span class='ocrx_word' id='word_1_412' title='bbox 1834 1952 1835 1955; x_wconf 48' lang='lat'>¹</span> 
     </span>
    </p>
   </div>
   <div class='ocr_carea' id='block_1_12' title="bbox 88 1991 1884 2691">
    <p class='ocr_par' dir='ltr' id='par_1_13' title="bbox 88 1991 1884 2691">
     <span class='ocr_line' id='line_1_34' title="bbox 232 1991 1883 2044; baseline 0.001 -16"><span class='ocrx_word' id='word_1_413' title='bbox 232 1996 351 2042; x_wconf 84' lang='lat' dir='ltr'>Neque</span> <span class='ocrx_word' id='word_1_414' title='bbox 372 2006 409 2029; x_wconf 80' lang='lat' dir='ltr'>ex</span> <span class='ocrx_word' id='word_1_415' title='bbox 424 1992 587 2029; x_wconf 84' lang='lat' dir='ltr'>novissima</span> <span class='ocrx_word' id='word_1_416' title='bbox 608 1994 744 2044; x_wconf 86' lang='lat' dir='ltr'>Nepotis</span> <span class='ocrx_word' id='word_1_417' title='bbox 758 1991 867 2029; x_wconf 88' lang='lat' dir='ltr'>Caroli</span> <span class='ocrx_word' id='word_1_418' title='bbox 887 1993 969 2028; x_wconf 84' lang='lat' dir='ltr'>Sexti</span> <span class='ocrx_word' id='word_1_419' title='bbox 987 1991 1169 2030; x_wconf 82' lang='lat' dir='ltr'>nativitate,</span> <span class='ocrx_word' id='word_1_420' title='bbox 1192 1992 1248 2029; x_wconf 85' lang='lat' dir='ltr'>etfi</span> <span class='ocrx_word' id='word_1_421' title='bbox 1267 2005 1441 2043; x_wconf 87' lang='lat' dir='ltr'>conceptus</span> <span class='ocrx_word' id='word_1_422' title='bbox 1460 2005 1534 2030; x_wconf 86' lang='lat' dir='ltr'>ante</span> <span class='ocrx_word' id='word_1_423' title='bbox 1561 2005 1700 2030; x_wconf 85' lang='lat' dir='ltr'>mortem</span> <span class='ocrx_word' id='word_1_424' title='bbox 1725 1995 1804 2035; x_wconf 85' lang='lat' dir='ltr'>Avi,</span> <span class='ocrx_word' id='word_1_425' title='bbox 1826 1995 1883 2029; x_wconf 82' lang='lat' dir='ltr'>ali-</span> 
     </span>
     <span class='ocr_line' id='line_1_35' title="bbox 88 2042 1882 2092; baseline 0.001 -14"><span class='ocrx_word' id='word_1_426' title='bbox 88 2054 185 2091; x_wconf 81' lang='lat' dir='ltr'>quam</span> <span class='ocrx_word' id='word_1_427' title='bbox 205 2047 324 2091; x_wconf 84' lang='lat' dir='ltr'>patitur</span> <span class='ocrx_word' id='word_1_428' title='bbox 359 2046 605 2080; x_wconf 76' lang='lat' dir='ltr'>diminutionem</span> <span class='ocrx_word' id='word_1_429' title='bbox 641 2044 847 2080; x_wconf 86' lang='lat' dir='ltr'>clariffimum</span> <span class='ocrx_word' id='word_1_430' title='bbox 872 2044 967 2092; x_wconf 87' lang='lat' dir='ltr'>Regis</span> <span class='ocrx_word' id='word_1_431' title='bbox 989 2043 1148 2079; x_wconf 86' lang='lat' dir='ltr'>Catholici</span> <span class='ocrx_word' id='word_1_432' title='bbox 1170 2047 1235 2088; x_wconf 84' lang='lat' dir='ltr'>jus,</span> <span class='ocrx_word' id='word_1_433' title='bbox 1258 2046 1347 2092; x_wconf 91' lang='lat' dir='ltr'>quod</span> <span class='ocrx_word' id='word_1_434' title='bbox 1370 2056 1405 2079; x_wconf 92' lang='lat' dir='ltr'>ut</span> <span class='ocrx_word' id='word_1_435' title='bbox 1420 2042 1600 2092; x_wconf 85' lang='lat' dir='ltr'>persuasum</span> <span class='ocrx_word' id='word_1_436' title='bbox 1629 2045 1687 2085; x_wconf 86' lang='lat' dir='ltr'>sit,</span> <span class='ocrx_word' id='word_1_437' title='bbox 1715 2059 1732 2079; x_wconf 91' lang='lat' dir='ltr'>a</span> <span class='ocrx_word' id='word_1_438' title='bbox 1755 2047 1882 2080; x_wconf 81' lang='lat' dir='ltr'>ratioci-</span> 
     </span>
     <span class='ocr_line' id='line_1_36' title="bbox 88 2090 1881 2142; baseline 0.002 -14"><span class='ocrx_word' id='word_1_439' title='bbox 88 2096 145 2129; x_wconf 88' lang='lat' dir='ltr'>niis</span> <span class='ocrx_word' id='word_1_440' title='bbox 164 2093 355 2129; x_wconf 87' lang='lat' dir='ltr'>abstinemus</span> <span class='ocrx_word' id='word_1_441' title='bbox 373 2106 381 2129; x_wconf 91' lang='lat'>:</span> <span class='ocrx_word' id='word_1_442' title='bbox 408 2108 481 2129; x_wconf 88' lang='lat' dir='ltr'>cum</span> <span class='ocrx_word' id='word_1_443' title='bbox 495 2096 581 2129; x_wconf 85' lang='lat' dir='ltr'>enirn</span> <span class='ocrx_word' id='word_1_444' title='bbox 599 2096 643 2129; x_wconf 88' lang='lat' dir='ltr'>est</span> <span class='ocrx_word' id='word_1_445' title='bbox 662 2094 744 2130; x_wconf 90' lang='lat' dir='ltr'>clara</span> <span class='ocrx_word' id='word_1_446' title='bbox 760 2096 822 2128; x_wconf 87' lang='lat' dir='ltr'>Lex</span> <span class='ocrx_word' id='word_1_447' title='bbox 835 2119 844 2135; x_wconf 97' lang='lat'>,</span> <span class='ocrx_word' id='word_1_448' title='bbox 870 2090 1026 2142; x_wconf 83' lang='lat' dir='ltr'>superflua</span> <span class='ocrx_word' id='word_1_449' title='bbox 1041 2093 1112 2128; x_wconf 89' lang='lat' dir='ltr'>sunt</span> <span class='ocrx_word' id='word_1_450' title='bbox 1125 2106 1315 2142; x_wconf 79' lang='lat' dir='ltr'>argumenta</span> <span class='ocrx_word' id='word_1_451' title='bbox 1333 2107 1342 2129; x_wconf 90' lang='lat'>:</span> <span class='ocrx_word' id='word_1_452' title='bbox 1360 2094 1612 2142; x_wconf 82' lang='lat' dir='ltr'>recapitulariter</span> <span class='ocrx_word' id='word_1_453' title='bbox 1631 2097 1818 2130; x_wconf 85' lang='lat' dir='ltr'>Ferdinandi</span> <span class='ocrx_word' id='word_1_454' title='bbox 1830 2109 1881 2131; x_wconf 85' lang='lat' dir='ltr'>re-</span> 
     </span>
     <span class='ocr_line' id='line_1_37' title="bbox 92 2143 1882 2192; baseline 0.001 -14"><span class='ocrx_word' id='word_1_455' title='bbox 92 2146 279 2178; x_wconf 86' lang='lat' dir='ltr'>iiuncintarii</span> <span class='ocrx_word' id='word_1_456' title='bbox 302 2144 486 2191; x_wconf 78' lang='lat' dir='ltr'>transcripta</span> <span class='ocrx_word' id='word_1_457' title='bbox 509 2144 620 2180; x_wconf 85' lang='lat' dir='ltr'>verba,</span> <span class='ocrx_word' id='word_1_458' title='bbox 647 2143 762 2180; x_wconf 88' lang='lat' dir='ltr'>scilicet</span> <span class='ocrx_word' id='word_1_459' title='bbox 780 2157 788 2179; x_wconf 91' lang='lat'>:</span> <span class='ocrx_word' id='word_1_460' title='bbox 826 2145 877 2179; x_wconf 75' lang='lat' dir='ltr'>Itz</span> <span class='ocrx_word' id='word_1_461' title='bbox 894 2145 1032 2189; x_wconf 77' lang='lat' dir='ltr'>quidem,</span> <span class='ocrx_word' id='word_1_462' title='bbox 1062 2154 1096 2178; x_wconf 86' lang='lat' dir='ltr'>ut</span> <span class='ocrx_word' id='word_1_463' title='bbox 1111 2147 1195 2190; x_wconf 76' lang='lat' dir='ltr'>cafie,</span> <span class='ocrx_word' id='word_1_464' title='bbox 1223 2157 1296 2189; x_wconf 86' lang='lat' dir='ltr'>quo,</span> <span class='ocrx_word' id='word_1_465' title='bbox 1325 2147 1495 2190; x_wconf 84' lang='lat' dir='ltr'>quandoque</span> <span class='ocrx_word' id='word_1_466' title='bbox 1517 2146 1529 2189; x_wconf 93' lang='lat'>(</span> <span class='ocrx_word' id='word_1_467' title='bbox 1542 2147 1618 2190; x_wconf 84' lang='lat' dir='ltr'>quod</span> <span class='ocrx_word' id='word_1_468' title='bbox 1636 2147 1721 2181; x_wconf 82' lang='lat' dir='ltr'>Deus</span> <span class='ocrx_word' id='word_1_469' title='bbox 1737 2146 1882 2192; x_wconf 63' lang='lat' dir='ltr'>avertat)</span> 
     </span>
     <span class='ocr_line' id='line_1_38' title="bbox 90 2192 1883 2241; baseline 0 -12"><span class='ocrx_word' id='word_1_470' title='bbox 90 2207 180 2229; x_wconf 80' lang='lat' dir='ltr'>omnes</span> <span class='ocrx_word' id='word_1_471' title='bbox 195 2194 296 2239; x_wconf 82' lang='lat' dir='ltr'>nostros</span> <span class='ocrx_word' id='word_1_472' title='bbox 309 2206 363 2240; x_wconf 73' lang='lat' dir='ltr'>per</span> <span class='ocrx_word' id='word_1_473' title='bbox 379 2197 500 2229; x_wconf 77' lang='lat' dir='ltr'>Lim-am</span> <span class='ocrx_word' id='word_1_474' title='bbox 518 2198 622 2229; x_wconf 64' lang='lat' dir='ltr'>rec‘lam</span> <span class='ocrx_word' id='word_1_475' title='bbox 646 2197 830 2241; x_wconf 82' lang='lat' dir='ltr'>masculinam</span> <span class='ocrx_word' id='word_1_476' title='bbox 842 2219 851 2233; x_wconf 98' lang='lat'>,</span> <span class='ocrx_word' id='word_1_477' title='bbox 882 2206 937 2228; x_wconf 91' lang='lat' dir='ltr'>non</span> <span class='ocrx_word' id='word_1_478' title='bbox 954 2192 1113 2239; x_wconf 63' lang='lat' dir='ltr'>interrupti</span> <span class='ocrx_word' id='word_1_479' title='bbox 1126 2196 1313 2239; x_wconf 74' lang='lat' dir='ltr'>masculorum</span> <span class='ocrx_word' id='word_1_480' title='bbox 1321 2195 1396 2240; x_wconf 76' lang='lat' dir='ltr'>serie</span> <span class='ocrx_word' id='word_1_481' title='bbox 1411 2193 1629 2238; x_wconf 78' lang='lat' dir='ltr'>Descendentes</span> <span class='ocrx_word' id='word_1_482' title='bbox 1647 2199 1782 2240; x_wconf 72' lang='lat' dir='ltr'>masculos</span> <span class='ocrx_word' id='word_1_483' title='bbox 1805 2199 1883 2230; x_wconf 73' lang='lat' dir='ltr'>dcce-</span> 
     </span>
     <span class='ocr_line' id='line_1_39' title="bbox 90 2243 1884 2291; baseline 0.001 -13"><span class='ocrx_word' id='word_1_484' title='bbox 90 2247 151 2278; x_wconf 82' lang='lat' dir='ltr'>dere</span> <span class='ocrx_word' id='word_1_485' title='bbox 165 2247 347 2290; x_wconf 75' lang='lat' dir='ltr'>contingeret,</span> <span class='ocrx_word' id='word_1_486' title='bbox 358 2246 500 2289; x_wconf 64' lang='lat' dir='ltr'>firmine,</span> <span class='ocrx_word' id='word_1_487' title='bbox 525 2257 691 2290; x_wconf 73' lang='lat' dir='ltr'>quecunque</span> <span class='ocrx_word' id='word_1_488' title='bbox 701 2245 838 2286; x_wconf 82' lang='lat' dir='ltr'>suerint,</span> <span class='ocrx_word' id='word_1_489' title='bbox 861 2246 1021 2281; x_wconf 76' lang='lat' dir='ltr'>&amp;Earum</span> <span class='ocrx_word' id='word_1_490' title='bbox 1043 2243 1136 2283; x_wconf 70' lang='lat' dir='ltr'>Filii,</span> <span class='ocrx_word' id='word_1_491' title='bbox 1165 2257 1199 2279; x_wconf 83' lang='lat' dir='ltr'>ac</span> <span class='ocrx_word' id='word_1_492' title='bbox 1226 2246 1409 2290; x_wconf 84' lang='lat' dir='ltr'>dependentes</span> <span class='ocrx_word' id='word_1_493' title='bbox 1427 2256 1479 2291; x_wconf 82' lang='lat' dir='ltr'>per</span> <span class='ocrx_word' id='word_1_494' title='bbox 1505 2246 1715 2290; x_wconf 79' lang='lat' dir='ltr'>Dcfiendentes</span> <span class='ocrx_word' id='word_1_495' title='bbox 1736 2258 1772 2278; x_wconf 80' lang='lat' dir='ltr'>ex</span> <span class='ocrx_word' id='word_1_496' title='bbox 1793 2248 1884 2280; x_wconf 68' lang='lat' dir='ltr'>Linea</span> 
     </span>
     <span class='ocr_line' id='line_1_40' title="bbox 90 2293 1880 2344; baseline 0.001 -16"><span class='ocrx_word' id='word_1_497' title='bbox 90 2298 163 2329; x_wconf 68' lang='lat' dir='ltr'>reda</span> <span class='ocrx_word' id='word_1_498' title='bbox 185 2296 267 2339; x_wconf 80' lang='lat' dir='ltr'>Regis</span> <span class='ocrx_word' id='word_1_499' title='bbox 286 2297 442 2337; x_wconf 76' lang='lat' dir='ltr'>Catholici,</span> <span class='ocrx_word' id='word_1_500' title='bbox 466 2296 591 2341; x_wconf 72' lang='lat' dir='ltr'>Philippi</span> <span class='ocrx_word' id='word_1_501' title='bbox 612 2293 724 2337; x_wconf 74' lang='grc' dir='ltr'>Τεηίἱ,</span> <span class='ocrx_word' id='word_1_502' title='bbox 750 2294 852 2341; x_wconf 72' lang='lat' dir='ltr'>(modb</span> <span class='ocrx_word' id='word_1_503' title='bbox 858 2295 984 2340; x_wconf 86' lang='lat' dir='ltr'>feliciter</span> <span class='ocrx_word' id='word_1_504' title='bbox 997 2294 1166 2340; x_wconf 82' lang='lat' dir='ltr'>regnantis)</span> <span class='ocrx_word' id='word_1_505' title='bbox 1197 2295 1227 2328; x_wconf 85' lang='lat' dir='ltr'>in</span> <span class='ocrx_word' id='word_1_506' title='bbox 1252 2295 1397 2338; x_wconf 84' lang='lat' dir='ltr'>infinitum</span> <span class='ocrx_word' id='word_1_507' title='bbox 1426 2308 1445 2328; x_wconf 79' lang='lat' dir='ltr'>a</span> <span class='ocrx_word' id='word_1_508' title='bbox 1460 2295 1595 2328; x_wconf 64' lang='lat' dir='ltr'>dictorum</span> <span class='ocrx_word' id='word_1_509' title='bbox 1623 2296 1789 2344; x_wconf 80' lang='lat' dir='ltr'>Regnorum</span> <span class='ocrx_word' id='word_1_510' title='bbox 1806 2299 1880 2330; x_wconf 76' lang='lat' dir='ltr'>Suc-</span> 
     </span>
     <span class='ocr_line' id='line_1_41' title="bbox 94 2342 1882 2393; baseline 0.001 -15"><span class='ocrx_word' id='word_1_511' title='bbox 94 2344 205 2391; x_wconf 81' lang='lat' dir='ltr'>ceffione</span> <span class='ocrx_word' id='word_1_512' title='bbox 218 2347 405 2379; x_wconf 78' lang='lat' dir='ltr'>excludantur</span> <span class='ocrx_word' id='word_1_513' title='bbox 422 2358 430 2378; x_wconf 91' lang='lat'>:</span> <span class='ocrx_word' id='word_1_514' title='bbox 457 2342 612 2393; x_wconf 79' lang='lat' dir='ltr'>ipfisfimis</span> <span class='ocrx_word' id='word_1_515' title='bbox 629 2345 733 2380; x_wconf 87' lang='lat' dir='ltr'>verbis</span> <span class='ocrx_word' id='word_1_516' title='bbox 750 2344 910 2379; x_wconf 81' lang='lat' dir='ltr'>exclufivis</span> <span class='ocrx_word' id='word_1_517' title='bbox 933 2342 1004 2378; x_wconf 86' lang='lat' dir='ltr'>usus</span> <span class='ocrx_word' id='word_1_518' title='bbox 1020 2344 1100 2384; x_wconf 78' lang='lat' dir='ltr'>fuit,</span> <span class='ocrx_word' id='word_1_519' title='bbox 1137 2345 1269 2379; x_wconf 89' lang='lat' dir='ltr'>nomine</span> <span class='ocrx_word' id='word_1_520' title='bbox 1290 2346 1388 2392; x_wconf 85' lang='lat' dir='ltr'>Regis</span> <span class='ocrx_word' id='word_1_521' title='bbox 1411 2344 1568 2379; x_wconf 84' lang='lat' dir='ltr'>Catholici</span> <span class='ocrx_word' id='word_1_522' title='bbox 1599 2346 1791 2379; x_wconf 83' lang='lat' dir='ltr'>renuncians</span> <span class='ocrx_word' id='word_1_523' title='bbox 1816 2347 1882 2380; x_wconf 85' lang='lat' dir='ltr'>Co-</span> 
     </span>
     <span class='ocr_line' id='line_1_42' title="bbox 92 2392 1883 2442; baseline 0.001 -14"><span class='ocrx_word' id='word_1_524' title='bbox 92 2407 158 2429; x_wconf 86' lang='lat' dir='ltr'>mes</span> <span class='ocrx_word' id='word_1_525' title='bbox 174 2396 212 2429; x_wconf 89' lang='lat' dir='ltr'>de</span> <span class='ocrx_word' id='word_1_526' title='bbox 228 2397 377 2442; x_wconf 84' lang='lat' dir='ltr'>Ognate,</span> <span class='ocrx_word' id='word_1_527' title='bbox 399 2396 471 2439; x_wconf 81' lang='lat' dir='ltr'>Ejus</span> <span class='ocrx_word' id='word_1_528' title='bbox 491 2399 614 2430; x_wconf 87' lang='lat' dir='ltr'>Orator</span> <span class='ocrx_word' id='word_1_529' title='bbox 628 2421 638 2435; x_wconf 95' lang='lat'>,</span> <span class='ocrx_word' id='word_1_530' title='bbox 662 2400 695 2430; x_wconf 66' lang='grc' dir='ltr'>ὃς</span> <span class='ocrx_word' id='word_1_531' title='bbox 712 2396 750 2429; x_wconf 87' lang='lat' dir='ltr'>ad</span> <span class='ocrx_word' id='word_1_532' title='bbox 776 2392 837 2429; x_wconf 86' lang='lat' dir='ltr'>hoc</span> <span class='ocrx_word' id='word_1_533' title='bbox 864 2395 1053 2429; x_wconf 87' lang='lat' dir='ltr'>Procurator</span> <span class='ocrx_word' id='word_1_534' title='bbox 1074 2395 1272 2433; x_wconf 73' lang='lat' dir='ltr'>constitutus,</span> <span class='ocrx_word' id='word_1_535' title='bbox 1326 2395 1435 2429; x_wconf 83' lang='lat' dir='ltr'>Eritne</span> <span class='ocrx_word' id='word_1_536' title='bbox 1455 2393 1561 2442; x_wconf 85' lang='lat' dir='ltr'>aliqua</span> <span class='ocrx_word' id='word_1_537' title='bbox 1589 2393 1765 2428; x_wconf 86' lang='lat' dir='ltr'>dubitatio?</span> <span class='ocrx_word' id='word_1_538' title='bbox 1792 2398 1827 2428; x_wconf 81' lang='lat' dir='ltr'>Iu</span> <span class='ocrx_word' id='word_1_539' title='bbox 1847 2408 1883 2429; x_wconf 86' lang='lat'>0-</span> 
     </span>
     <span class='ocr_line' id='line_1_43' title="bbox 93 2442 1882 2492; baseline 0 -14"><span class='ocrx_word' id='word_1_540' title='bbox 93 2443 216 2478; x_wconf 85' lang='lat' dir='ltr'>mnibus</span> <span class='ocrx_word' id='word_1_541' title='bbox 241 2445 462 2478; x_wconf 86' lang='lat' dir='ltr'>Instrumentis</span> <span class='ocrx_word' id='word_1_542' title='bbox 484 2445 614 2492; x_wconf 69' lang='lat' dir='ltr'>iplitmet</span> <span class='ocrx_word' id='word_1_543' title='bbox 632 2443 797 2480; x_wconf 75' lang='lat' dir='ltr'>Clausala,</span> <span class='ocrx_word' id='word_1_544' title='bbox 824 2457 895 2492; x_wconf 88' lang='lat' dir='ltr'>quae</span> <span class='ocrx_word' id='word_1_545' title='bbox 914 2443 1063 2478; x_wconf 85' lang='lat' dir='ltr'>foeminas</span> <span class='ocrx_word' id='word_1_546' title='bbox 1080 2442 1276 2479; x_wconf 81' lang='lat' dir='ltr'>&amp;masculos</span> <span class='ocrx_word' id='word_1_547' title='bbox 1292 2455 1329 2478; x_wconf 84' lang='lat' dir='ltr'>ex</span> <span class='ocrx_word' id='word_1_548' title='bbox 1349 2445 1394 2478; x_wconf 87' lang='lat' dir='ltr'>eis</span> <span class='ocrx_word' id='word_1_549' title='bbox 1411 2455 1499 2478; x_wconf 80' lang='lat' dir='ltr'>natos</span> <span class='ocrx_word' id='word_1_550' title='bbox 1516 2443 1673 2483; x_wconf 80' lang='lat' dir='ltr'>excludit,</span> <span class='ocrx_word' id='word_1_551' title='bbox 1701 2443 1764 2477; x_wconf 73' lang='lat' dir='ltr'>line</span> <span class='ocrx_word' id='word_1_552' title='bbox 1777 2444 1882 2491; x_wconf 80' lang='lat' dir='ltr'>aliqua</span> 
     </span>
     <span class='ocr_line' id='line_1_44' title="bbox 91 2492 1881 2542; baseline -0.001 -12"><span class='ocrx_word' id='word_1_553' title='bbox 91 2493 332 2542; x_wconf 80' lang='lat' dir='ltr'>interpolatione</span> <span class='ocrx_word' id='word_1_554' title='bbox 353 2506 505 2534; x_wconf 76' lang='lat' dir='ltr'>matrem,</span> <span class='ocrx_word' id='word_1_555' title='bbox 533 2498 566 2530; x_wconf 65' lang='grc' dir='ltr'>ὃ(</span> <span class='ocrx_word' id='word_1_556' title='bbox 592 2508 629 2529; x_wconf 87' lang='lat' dir='ltr'>ex</span> <span class='ocrx_word' id='word_1_557' title='bbox 645 2508 680 2530; x_wconf 85' lang='lat' dir='ltr'>ea</span> <span class='ocrx_word' id='word_1_558' title='bbox 696 2494 808 2529; x_wconf 84' lang='lat' dir='ltr'>Filium</span> <span class='ocrx_word' id='word_1_559' title='bbox 825 2493 996 2529; x_wconf 84' lang='lat' dir='ltr'>masculum</span> <span class='ocrx_word' id='word_1_560' title='bbox 1016 2492 1160 2540; x_wconf 89' lang='lat' dir='ltr'>repellit·,</span> <span class='ocrx_word' id='word_1_561' title='bbox 1179 2495 1280 2541; x_wconf 81' lang='lat' dir='ltr'>Igitur</span> <span class='ocrx_word' id='word_1_562' title='bbox 1295 2505 1390 2528; x_wconf 86' lang='lat' dir='ltr'>natus</span> <span class='ocrx_word' id='word_1_563' title='bbox 1406 2493 1500 2528; x_wconf 84' lang='lat' dir='ltr'>Filius</span> <span class='ocrx_word' id='word_1_564' title='bbox 1516 2495 1554 2527; x_wconf 91' lang='lat' dir='ltr'>ad</span> <span class='ocrx_word' id='word_1_565' title='bbox 1569 2493 1628 2527; x_wconf 91' lang='lat' dir='ltr'>hoc</span> <span class='ocrx_word' id='word_1_566' title='bbox 1645 2495 1688 2527; x_wconf 88' lang='lat' dir='ltr'>est</span> <span class='ocrx_word' id='word_1_567' title='bbox 1701 2519 1709 2532; x_wconf 93' lang='lat'>,</span> <span class='ocrx_word' id='word_1_568' title='bbox 1727 2504 1881 2541; x_wconf 84' lang='lat' dir='ltr'>tanquam</span> 
     </span>
     <span class='ocr_line' id='line_1_45' title="bbox 93 2540 1883 2592; baseline 0 -14"><span class='ocrx_word' id='word_1_569' title='bbox 93 2543 113 2578; x_wconf 79' lang='lat' dir='ltr'>li</span> <span class='ocrx_word' id='word_1_570' title='bbox 134 2557 198 2579; x_wconf 87' lang='lat' dir='ltr'>non</span> <span class='ocrx_word' id='word_1_571' title='bbox 214 2543 306 2584; x_wconf 58' lang='lat' dir='ltr'>effen</span> <span class='ocrx_word' id='word_1_572' title='bbox 331 2546 380 2579; x_wconf 91' lang='lat' dir='ltr'>Sic</span> <span class='ocrx_word' id='word_1_573' title='bbox 394 2546 528 2591; x_wconf 84' lang='lat' dir='ltr'>quidem</span> <span class='ocrx_word' id='word_1_574' title='bbox 550 2544 615 2580; x_wconf 78' lang='lat' dir='ltr'>haec</span> <span class='ocrx_word' id='word_1_575' title='bbox 632 2546 747 2581; x_wconf 86' lang='lat' dir='ltr'>Linea,</span> <span class='ocrx_word' id='word_1_576' title='bbox 770 2556 842 2592; x_wconf 84' lang='lat' dir='ltr'>quae</span> <span class='ocrx_word' id='word_1_577' title='bbox 859 2544 1111 2592; x_wconf 83' lang='lat' dir='ltr'>Secundogenita</span> <span class='ocrx_word' id='word_1_578' title='bbox 1134 2545 1200 2584; x_wconf 82' lang='lat' dir='ltr'>est,</span> <span class='ocrx_word' id='word_1_579' title='bbox 1230 2540 1356 2578; x_wconf 88' lang='lat' dir='ltr'>nullum</span> <span class='ocrx_word' id='word_1_580' title='bbox 1380 2548 1428 2590; x_wconf 88' lang='lat' dir='ltr'>jus</span> <span class='ocrx_word' id='word_1_581' title='bbox 1458 2545 1491 2577; x_wconf 92' lang='lat' dir='ltr'>in</span> <span class='ocrx_word' id='word_1_582' title='bbox 1516 2543 1572 2577; x_wconf 88' lang='lat' dir='ltr'>hac</span> <span class='ocrx_word' id='word_1_583' title='bbox 1593 2542 1780 2578; x_wconf 84' lang='lat' dir='ltr'>succeffione</span> <span class='ocrx_word' id='word_1_584' title='bbox 1802 2557 1883 2591; x_wconf 85' lang='lat' dir='ltr'>prae-</span> 
     </span>
     <span class='ocr_line' id='line_1_46' title="bbox 92 2592 1882 2643; baseline 0 -15"><span class='ocrx_word' id='word_1_585' title='bbox 92 2596 220 2629; x_wconf 85' lang='lat' dir='ltr'>tendere</span> <span class='ocrx_word' id='word_1_586' title='bbox 240 2596 362 2642; x_wconf 85' lang='lat' dir='ltr'>potest,</span> <span class='ocrx_word' id='word_1_587' title='bbox 389 2593 446 2628; x_wconf 74' lang='lat' dir='ltr'>nili</span> <span class='ocrx_word' id='word_1_588' title='bbox 463 2595 562 2635; x_wconf 88' lang='lat' dir='ltr'>illud,</span> <span class='ocrx_word' id='word_1_589' title='bbox 586 2597 674 2641; x_wconf 81' lang='lat' dir='ltr'>quod</span> <span class='ocrx_word' id='word_1_590' title='bbox 692 2593 750 2643; x_wconf 80' lang='lat' dir='ltr'>ipfi</span> <span class='ocrx_word' id='word_1_591' title='bbox 773 2593 918 2628; x_wconf 85' lang='lat' dir='ltr'>tribuunt</span> <span class='ocrx_word' id='word_1_592' title='bbox 940 2592 1197 2629; x_wconf 84' lang='lat' dir='ltr'>renunciationes</span> <span class='ocrx_word' id='word_1_593' title='bbox 1213 2605 1230 2628; x_wconf 86' lang='lat' dir='ltr'>a</span> <span class='ocrx_word' id='word_1_594' title='bbox 1255 2592 1520 2628; x_wconf 86' lang='lat' dir='ltr'>descendentibus</span> <span class='ocrx_word' id='word_1_595' title='bbox 1540 2605 1578 2627; x_wconf 87' lang='lat' dir='ltr'>ex</span> <span class='ocrx_word' id='word_1_596' title='bbox 1599 2594 1697 2628; x_wconf 85' lang='lat' dir='ltr'>Linea</span> <span class='ocrx_word' id='word_1_597' title='bbox 1717 2594 1882 2640; x_wconf 72' lang='lat' dir='ltr'>primoge-</span> 
     </span>
     <span class='ocr_line' id='line_1_47' title="bbox 90 2641 1882 2691; baseline -0.001 -13"><span class='ocrx_word' id='word_1_598' title='bbox 90 2646 153 2679; x_wconf 87' lang='lat' dir='ltr'>nita</span> <span class='ocrx_word' id='word_1_599' title='bbox 173 2642 274 2681; x_wconf 67' lang='lat' dir='ltr'>faeta».</span> <span class='ocrx_word' id='word_1_600' title='bbox 324 2646 484 2679; x_wconf 72' lang='lat' dir='ltr'>Caeterum</span> <span class='ocrx_word' id='word_1_601' title='bbox 504 2657 578 2680; x_wconf 88' lang='lat' dir='ltr'>cum</span> <span class='ocrx_word' id='word_1_602' title='bbox 598 2644 646 2679; x_wconf 77' lang='lat' dir='ltr'>lia:</span> <span class='ocrx_word' id='word_1_603' title='bbox 662 2645 915 2680; x_wconf 85' lang='lat' dir='ltr'>reiiunciationes</span> <span class='ocrx_word' id='word_1_604' title='bbox 933 2657 999 2679; x_wconf 86' lang='lat' dir='ltr'>non</span> <span class='ocrx_word' id='word_1_605' title='bbox 1017 2642 1117 2681; x_wconf 85' lang='lat' dir='ltr'>solum</span> <span class='ocrx_word' id='word_1_606' title='bbox 1137 2655 1201 2678; x_wconf 91' lang='lat' dir='ltr'>non</span> <span class='ocrx_word' id='word_1_607' title='bbox 1224 2643 1369 2691; x_wconf 80' lang='lat' dir='ltr'>praestent</span> <span class='ocrx_word' id='word_1_608' title='bbox 1389 2641 1440 2691; x_wconf 88' lang='lat' dir='ltr'>jus</span> <span class='ocrx_word' id='word_1_609' title='bbox 1459 2642 1601 2677; x_wconf 81' lang='lat' dir='ltr'>foeminis</span> <span class='ocrx_word' id='word_1_610' title='bbox 1617 2647 1649 2677; x_wconf 72' lang='grc' dir='ltr'>δε</span> <span class='ocrx_word' id='word_1_611' title='bbox 1670 2642 1741 2677; x_wconf 79' lang='lat' dir='ltr'>filiis</span> <span class='ocrx_word' id='word_1_612' title='bbox 1757 2655 1882 2683; x_wconf 81' lang='lat' dir='ltr'>earum,</span> 
     </span>
    </p>
   </div>
   <div class='ocr_carea' id='block_1_13' title="bbox 47 2692 1882 2793">
    <p class='ocr_par' dir='ltr' id='par_1_14' title="bbox 47 2692 1882 2793">
     <span class='ocr_line' id='line_1_48' title="bbox 47 2692 1882 2741; baseline 0 -13"><span class='ocrx_word' id='word_1_613' title='bbox 47 2698 51 2705; x_wconf 85' lang='lat'>&#39;</span> <span class='ocrx_word' id='word_1_614' title='bbox 92 2695 157 2728; x_wconf 88' lang='lat' dir='ltr'>imo</span> <span class='ocrx_word' id='word_1_615' title='bbox 173 2692 310 2741; x_wconf 72' lang='lat' dir='ltr'>expresse</span> <span class='ocrx_word' id='word_1_616' title='bbox 340 2707 390 2729; x_wconf 82' lang='lat' dir='ltr'>eas</span> <span class='ocrx_word' id='word_1_617' title='bbox 410 2700 442 2730; x_wconf 85' lang='lat'>&amp;</span> <span class='ocrx_word' id='word_1_618' title='bbox 466 2708 520 2730; x_wconf 87' lang='lat' dir='ltr'>eos</span> <span class='ocrx_word' id='word_1_619' title='bbox 541 2695 728 2736; x_wconf 83' lang='lat' dir='ltr'>excludant,</span> <span class='ocrx_word' id='word_1_620' title='bbox 755 2694 831 2729; x_wconf 83' lang='lat' dir='ltr'>ficut</span> <span class='ocrx_word' id='word_1_621' title='bbox 850 2696 974 2734; x_wconf 87' lang='lat' dir='ltr'>Mater,</span> <span class='ocrx_word' id='word_1_622' title='bbox 997 2696 1040 2729; x_wconf 85' lang='lat' dir='ltr'>ita</span> <span class='ocrx_word' id='word_1_623' title='bbox 1057 2697 1090 2728; x_wconf 89' lang='lat'>&amp;</span> <span class='ocrx_word' id='word_1_624' title='bbox 1114 2695 1189 2738; x_wconf 84' lang='lat' dir='ltr'>Ejus</span> <span class='ocrx_word' id='word_1_625' title='bbox 1211 2693 1294 2728; x_wconf 85' lang='lat' dir='ltr'>filius</span> <span class='ocrx_word' id='word_1_626' title='bbox 1317 2695 1405 2728; x_wconf 85' lang='lat' dir='ltr'>omni</span> <span class='ocrx_word' id='word_1_627' title='bbox 1424 2694 1521 2727; x_wconf 89' lang='lat' dir='ltr'>modo</span> <span class='ocrx_word' id='word_1_628' title='bbox 1549 2703 1634 2727; x_wconf 83' lang='lat' dir='ltr'>caret</span> <span class='ocrx_word' id='word_1_629' title='bbox 1659 2693 1729 2738; x_wconf 82' lang='lat' dir='ltr'>jure</span> <span class='ocrx_word' id='word_1_630' title='bbox 1757 2695 1789 2727; x_wconf 90' lang='lat' dir='ltr'>in</span> <span class='ocrx_word' id='word_1_631' title='bbox 1821 2693 1882 2728; x_wconf 88' lang='lat' dir='ltr'>hoc</span> 
     </span>
     <span class='ocr_line' id='line_1_49' title="bbox 47 2741 1881 2793; baseline -0.001 -14"><span class='ocrx_word' id='word_1_632' title='bbox 47 2751 50 2771; x_wconf 72' lang='grc' dir='ltr'>ἕ</span> <span class='ocrx_word' id='word_1_633' title='bbox 94 2743 181 2783; x_wconf 64' lang='lat' dir='ltr'>castr,</span> <span class='ocrx_word' id='word_1_634' title='bbox 204 2747 285 2791; x_wconf 77' lang='lat' dir='ltr'>Ergo</span> <span class='ocrx_word' id='word_1_635' title='bbox 303 2744 485 2779; x_wconf 86' lang='lat' dir='ltr'>Catliolicus</span> <span class='ocrx_word' id='word_1_636' title='bbox 514 2744 673 2793; x_wconf 81' lang='lat' dir='ltr'>Hispaniae</span> <span class='ocrx_word' id='word_1_637' title='bbox 693 2747 759 2779; x_wconf 83' lang='lat' dir='ltr'>Rex</span> <span class='ocrx_word' id='word_1_638' title='bbox 783 2744 946 2792; x_wconf 81' lang='lat' dir='ltr'>legitimus</span> <span class='ocrx_word' id='word_1_639' title='bbox 967 2745 1012 2779; x_wconf 87' lang='lat' dir='ltr'>est</span> <span class='ocrx_word' id='word_1_640' title='bbox 1031 2741 1210 2782; x_wconf 78' lang='lat' dir='ltr'>Succeffor,</span> <span class='ocrx_word' id='word_1_641' title='bbox 1243 2745 1383 2790; x_wconf 82' lang='lat' dir='ltr'>Ejusque</span> <span class='ocrx_word' id='word_1_642' title='bbox 1410 2745 1459 2787; x_wconf 90' lang='lat' dir='ltr'>jus</span> <span class='ocrx_word' id='word_1_643' title='bbox 1488 2744 1652 2790; x_wconf 68' lang='lat' dir='ltr'>integrum</span> <span class='ocrx_word' id='word_1_644' title='bbox 1678 2755 1787 2778; x_wconf 81' lang='lat' dir='ltr'>manet</span> <span class='ocrx_word' id='word_1_645' title='bbox 1812 2745 1881 2791; x_wconf 84' lang='lat' dir='ltr'>post</span> 
     </span>
    </p>
   </div>
   <div class='ocr_carea' id='block_1_14' title="bbox 93 2786 1882 3240">
    <p class='ocr_par' dir='ltr' id='par_1_15' title="bbox 93 2786 1882 3240">
     <span class='ocr_line' id='line_1_50' title="bbox 95 2786 1878 2843; baseline 0.001 -17"><span class='ocrx_word' id='word_1_646' title='bbox 95 2792 290 2828; x_wconf 83' lang='lat' dir='ltr'>noviffimam</span> <span class='ocrx_word' id='word_1_647' title='bbox 305 2793 398 2839; x_wconf 71' lang='lat' dir='ltr'>hujus</span> <span class='ocrx_word' id='word_1_648' title='bbox 415 2795 565 2843; x_wconf 89' lang='lat' dir='ltr'>Principis</span> <span class='ocrx_word' id='word_1_649' title='bbox 588 2796 807 2834; x_wconf 85' lang='lat' dir='ltr'>nativitatem,</span> <span class='ocrx_word' id='word_1_650' title='bbox 834 2793 913 2828; x_wconf 89' lang='lat' dir='ltr'>s1cut</span> <span class='ocrx_word' id='word_1_651' title='bbox 931 2805 1004 2829; x_wconf 88' lang='lat' dir='ltr'>ante</span> <span class='ocrx_word' id='word_1_652' title='bbox 1028 2794 1116 2828; x_wconf 86' lang='lat' dir='ltr'>illam</span> <span class='ocrx_word' id='word_1_653' title='bbox 1137 2803 1212 2828; x_wconf 88' lang='lat' dir='ltr'>erat.</span> <span class='ocrx_word' id='word_1_654' title='bbox 1264 2793 1386 2827; x_wconf 79' lang='lat' dir='ltr'>Contra</span> <span class='ocrx_word' id='word_1_655' title='bbox 1411 2803 1476 2827; x_wconf 88' lang='lat' dir='ltr'>tam</span> <span class='ocrx_word' id='word_1_656' title='bbox 1502 2786 1672 2827; x_wconf 87' lang='lat' dir='ltr'>indubium</span> <span class='ocrx_word' id='word_1_657' title='bbox 1696 2798 1744 2839; x_wconf 84' lang='lat' dir='ltr'>jus</span> <span class='ocrx_word' id='word_1_658' title='bbox 1776 2796 1878 2828; x_wconf 85' lang='lat' dir='ltr'>eritne</span> 
     </span>
     <span class='ocr_line' id='line_1_51' title="bbox 93 2841 1877 2890; baseline 0.001 -15"><span class='ocrx_word' id='word_1_659' title='bbox 93 2844 238 2889; x_wconf 71' lang='lat' dir='ltr'>quatdam</span> <span class='ocrx_word' id='word_1_660' title='bbox 266 2845 495 2879; x_wconf 65' lang='lat' dir='ltr'>contradictio?</span> <span class='ocrx_word' id='word_1_661' title='bbox 542 2845 613 2888; x_wconf 72' lang='lat' dir='ltr'>jam</span> <span class='ocrx_word' id='word_1_662' title='bbox 636 2847 722 2880; x_wconf 87' lang='lat' dir='ltr'>enim</span> <span class='ocrx_word' id='word_1_663' title='bbox 740 2845 792 2879; x_wconf 90' lang='lat' dir='ltr'>illa</span> <span class='ocrx_word' id='word_1_664' title='bbox 814 2843 977 2878; x_wconf 84' lang='lat' dir='ltr'>ventilatio</span> <span class='ocrx_word' id='word_1_665' title='bbox 995 2843 1180 2890; x_wconf 82' lang='lat' dir='ltr'>Agnationis</span> <span class='ocrx_word' id='word_1_666' title='bbox 1201 2843 1235 2876; x_wconf 89' lang='lat' dir='ltr'>in</span> <span class='ocrx_word' id='word_1_667' title='bbox 1253 2841 1369 2882; x_wconf 82' lang='lat' dir='ltr'>Linea,</span> <span class='ocrx_word' id='word_1_668' title='bbox 1396 2843 1435 2877; x_wconf 79' lang='lat' dir='ltr'>ad</span> <span class='ocrx_word' id='word_1_669' title='bbox 1453 2854 1552 2889; x_wconf 87' lang='lat' dir='ltr'>quam</span> <span class='ocrx_word' id='word_1_670' title='bbox 1570 2841 1782 2878; x_wconf 85' lang='lat' dir='ltr'>reversionem</span> <span class='ocrx_word' id='word_1_671' title='bbox 1794 2842 1877 2877; x_wconf 78' lang='lat' dir='ltr'>face-</span> 
     </span>
     <span class='ocr_line' id='line_1_52' title="bbox 97 2890 1878 2942; baseline 0.002 -17"><span class='ocrx_word' id='word_1_672' title='bbox 97 2904 133 2926; x_wconf 88' lang='lat' dir='ltr'>re</span> <span class='ocrx_word' id='word_1_673' title='bbox 150 2891 268 2926; x_wconf 82' lang='lat' dir='ltr'>debent</span> <span class='ocrx_word' id='word_1_674' title='bbox 287 2895 388 2927; x_wconf 87' lang='lat' dir='ltr'>Status</span> <span class='ocrx_word' id='word_1_675' title='bbox 401 2917 411 2935; x_wconf 83' lang='lat'>,</span> <span class='ocrx_word' id='word_1_676' title='bbox 437 2894 593 2940; x_wconf 81' lang='lat' dir='ltr'>requisitae</span> <span class='ocrx_word' id='word_1_677' title='bbox 607 2920 616 2934; x_wconf 89' lang='lat'>,</span> <span class='ocrx_word' id='word_1_678' title='bbox 641 2908 698 2942; x_wconf 85' lang='lat' dir='ltr'>per</span> <span class='ocrx_word' id='word_1_679' title='bbox 714 2906 821 2930; x_wconf 88' lang='lat' dir='ltr'>notata</span> <span class='ocrx_word' id='word_1_680' title='bbox 836 2907 873 2929; x_wconf 87' lang='lat' dir='ltr'>ex</span> <span class='ocrx_word' id='word_1_681' title='bbox 890 2895 1132 2928; x_wconf 86' lang='lat' dir='ltr'>renunciatione</span> <span class='ocrx_word' id='word_1_682' title='bbox 1148 2895 1250 2927; x_wconf 84' lang='lat' dir='ltr'>Annae</span> <span class='ocrx_word' id='word_1_683' title='bbox 1265 2892 1398 2939; x_wconf 73' lang='lat' dir='ltr'>Reginae</span> <span class='ocrx_word' id='word_1_684' title='bbox 1418 2905 1434 2926; x_wconf 90' lang='lat' dir='ltr'>a</span> <span class='ocrx_word' id='word_1_685' title='bbox 1451 2890 1670 2927; x_wconf 80' lang='lat' dir='ltr'>prudentibus</span> <span class='ocrx_word' id='word_1_686' title='bbox 1684 2893 1798 2928; x_wconf 88' lang='lat' dir='ltr'>abolita</span> <span class='ocrx_word' id='word_1_687' title='bbox 1816 2895 1878 2928; x_wconf 85' lang='lat' dir='ltr'>est:</span> 
     </span>
     <span class='ocr_line' id='line_1_53' title="bbox 98 2940 1881 2992; baseline -0.001 -15"><span class='ocrx_word' id='word_1_688' title='bbox 98 2947 131 2977; x_wconf 61' lang='grc' dir='ltr'>δέ</span> <span class='ocrx_word' id='word_1_689' title='bbox 154 2941 286 2987; x_wconf 83' lang='lat' dir='ltr'>amplius</span> <span class='ocrx_word' id='word_1_690' title='bbox 300 2944 358 2975; x_wconf 80' lang='lat' dir='ltr'>crit</span> <span class='ocrx_word' id='word_1_691' title='bbox 371 2955 408 2977; x_wconf 86' lang='lat' dir='ltr'>ex</span> <span class='ocrx_word' id='word_1_692' title='bbox 427 2943 529 2978; x_wconf 77' lang='lat' dir='ltr'>verbis</span> <span class='ocrx_word' id='word_1_693' title='bbox 549 2945 740 2992; x_wconf 79' lang='lat' dir='ltr'>transcriptis</span> <span class='ocrx_word' id='word_1_694' title='bbox 761 2942 972 2979; x_wconf 86' lang='lat' dir='ltr'>Archi-Ducis</span> <span class='ocrx_word' id='word_1_695' title='bbox 993 2944 1199 2982; x_wconf 85' lang='lat' dir='ltr'>Ferdinandi,</span> <span class='ocrx_word' id='word_1_696' title='bbox 1223 2943 1448 2977; x_wconf 88' lang='lat' dir='ltr'>renunciatarii</span> <span class='ocrx_word' id='word_1_697' title='bbox 1464 2940 1604 2990; x_wconf 87' lang='lat' dir='ltr'>Philippi</span> <span class='ocrx_word' id='word_1_698' title='bbox 1617 2945 1716 2977; x_wconf 89' lang='lat' dir='ltr'>Tertii</span> <span class='ocrx_word' id='word_1_699' title='bbox 1731 2968 1740 2981; x_wconf 92' lang='lat'>,</span> <span class='ocrx_word' id='word_1_700' title='bbox 1768 2943 1881 2989; x_wconf 85' lang='lat' dir='ltr'>inqui-</span> 
     </span>
     <span class='ocr_line' id='line_1_54' title="bbox 98 2989 1878 3033; baseline -0.003 -2"><span class='ocrx_word' id='word_1_701' title='bbox 98 2990 174 3031; x_wconf 66' lang='lat' dir='ltr'>btssv</span> <span class='ocrx_word' id='word_1_702' title='bbox 195 3003 269 3024; x_wconf 71' lang='lat' dir='ltr'>cum</span> <span class='ocrx_word' id='word_1_703' title='bbox 290 2989 435 3025; x_wconf 71' lang='lat' dir='ltr'>foeminas</span> <span class='ocrx_word' id='word_1_704' title='bbox 449 3016 458 3029; x_wconf 65' lang='lat'><em>2</em></span> <span class='ocrx_word' id='word_1_705' title='bbox 488 2998 519 3028; x_wconf 86' lang='lat'>&amp;</span> <span class='ocrx_word' id='word_1_706' title='bbox 534 3006 570 3027; x_wconf 84' lang='lat' dir='ltr'>ex</span> <span class='ocrx_word' id='word_1_707' title='bbox 589 2996 632 3028; x_wconf 82' lang='lat' dir='ltr'>eis</span> <span class='ocrx_word' id='word_1_708' title='bbox 651 2994 821 3033; x_wconf 82' lang='lat' dir='ltr'>masculos,</span> <span class='ocrx_word' id='word_1_709' title='bbox 857 3008 873 3028; x_wconf 86' lang='lat' dir='ltr'>a</span> <span class='ocrx_word' id='word_1_710' title='bbox 895 2992 1092 3028; x_wconf 80' lang='lat' dir='ltr'>Succeffione</span> <span class='ocrx_word' id='word_1_711' title='bbox 1115 2992 1378 3027; x_wconf 76' lang='lat' dir='ltr'>renuntiatorum</span> <span class='ocrx_word' id='word_1_712' title='bbox 1399 2994 1546 3027; x_wconf 89' lang='lat' dir='ltr'>Statuum</span> <span class='ocrx_word' id='word_1_713' title='bbox 1569 2992 1727 3026; x_wconf 84' lang='lat' dir='ltr'>excludat.</span> <span class='ocrx_word' id='word_1_714' title='bbox 1754 3003 1878 3026; x_wconf 84' lang='lat' dir='ltr'>tantum</span> 
     </span>
     <span class='ocr_line' id='line_1_55' title="bbox 96 3041 1880 3091; baseline 0 -15"><span class='ocrx_word' id='word_1_715' title='bbox 96 3041 244 3087; x_wconf 78' lang='lat' dir='ltr'>Agnatos</span> <span class='ocrx_word' id='word_1_716' title='bbox 261 3042 422 3076; x_wconf 81' lang='lat' dir='ltr'>admittit,</span> <span class='ocrx_word' id='word_1_717' title='bbox 450 3045 483 3076; x_wconf 86' lang='lat'>&amp;</span> <span class='ocrx_word' id='word_1_718' title='bbox 509 3056 581 3077; x_wconf 88' lang='lat' dir='ltr'>curn</span> <span class='ocrx_word' id='word_1_719' title='bbox 602 3042 740 3079; x_wconf 85' lang='lat' dir='ltr'>exclusos</span> <span class='ocrx_word' id='word_1_720' title='bbox 767 3042 978 3079; x_wconf 77' lang='lat' dir='ltr'>excludendos</span> <span class='ocrx_word' id='word_1_721' title='bbox 997 3041 1057 3077; x_wconf 80' lang='lat' dir='ltr'>effe</span> <span class='ocrx_word' id='word_1_722' title='bbox 1085 3043 1223 3078; x_wconf 83' lang='lat' dir='ltr'>declaret</span> <span class='ocrx_word' id='word_1_723' title='bbox 1240 3053 1292 3088; x_wconf 87' lang='lat' dir='ltr'>per</span> <span class='ocrx_word' id='word_1_724' title='bbox 1315 3043 1528 3088; x_wconf 81' lang='lat' dir='ltr'>Descendentes</span> <span class='ocrx_word' id='word_1_725' title='bbox 1554 3041 1717 3077; x_wconf 81' lang='lat' dir='ltr'>indefinite</span> <span class='ocrx_word' id='word_1_726' title='bbox 1741 3041 1880 3091; x_wconf 80' lang='lat' dir='ltr'>Philippi</span> 
     </span>
     <span class='ocr_line' id='line_1_56' title="bbox 96 3089 1881 3141; baseline -0.001 -15"><span class='ocrx_word' id='word_1_727' title='bbox 96 3090 216 3131; x_wconf 78' lang='lat' dir='ltr'>Tertii,</span> <span class='ocrx_word' id='word_1_728' title='bbox 242 3089 399 3134; x_wconf 78' lang='lat' dir='ltr'>agnoscit,</span> <span class='ocrx_word' id='word_1_729' title='bbox 426 3093 512 3136; x_wconf 90' lang='lat' dir='ltr'>quod</span> <span class='ocrx_word' id='word_1_730' title='bbox 533 3097 752 3140; x_wconf 80' lang='lat' dir='ltr'>cujuscunque</span> <span class='ocrx_word' id='word_1_731' title='bbox 774 3093 885 3141; x_wconf 85' lang='lat' dir='ltr'>speciei</span> <span class='ocrx_word' id='word_1_732' title='bbox 912 3091 972 3127; x_wconf 87' lang='lat' dir='ltr'>sint</span> <span class='ocrx_word' id='word_1_733' title='bbox 1000 3090 1236 3128; x_wconf 85' lang='lat' dir='ltr'>Descendentes</span> <span class='ocrx_word' id='word_1_734' title='bbox 1261 3089 1418 3140; x_wconf 81' lang='lat' dir='ltr'>Philippi,</span> <span class='ocrx_word' id='word_1_735' title='bbox 1441 3090 1504 3125; x_wconf 85' lang='lat' dir='ltr'>five</span> <span class='ocrx_word' id='word_1_736' title='bbox 1520 3093 1633 3138; x_wconf 79' lang='lat' dir='ltr'>Agnati</span> <span class='ocrx_word' id='word_1_737' title='bbox 1652 3115 1659 3129; x_wconf 92' lang='lat'>‚</span> <span class='ocrx_word' id='word_1_738' title='bbox 1683 3089 1743 3123; x_wconf 71' lang='lat' dir='ltr'>live</span> <span class='ocrx_word' id='word_1_739' title='bbox 1760 3090 1881 3128; x_wconf 60' lang='lat' dir='ltr'>mascu÷</span> 
     </span>
     <span class='ocr_line' id='line_1_57' title="bbox 97 3137 1880 3189; baseline -0.001 -16"><span class='ocrx_word' id='word_1_740' title='bbox 97 3140 137 3178; x_wconf 88' lang='lat' dir='ltr'>li,</span> <span class='ocrx_word' id='word_1_741' title='bbox 165 3138 225 3173; x_wconf 80' lang='lat' dir='ltr'>five</span> <span class='ocrx_word' id='word_1_742' title='bbox 246 3137 403 3182; x_wconf 60' lang='lat' dir='ltr'>faemina,</span> <span class='ocrx_word' id='word_1_743' title='bbox 431 3141 566 3182; x_wconf 83' lang='lat' dir='ltr'>(omnes</span> <span class='ocrx_word' id='word_1_744' title='bbox 582 3144 670 3177; x_wconf 82' lang='lat' dir='ltr'>enim</span> <span class='ocrx_word' id='word_1_745' title='bbox 690 3145 824 3178; x_wconf 87' lang='lat' dir='ltr'>dicendo</span> <span class='ocrx_word' id='word_1_746' title='bbox 842 3143 1077 3178; x_wconf 84' lang='lat' dir='ltr'>Desceiidentes</span> <span class='ocrx_word' id='word_1_747' title='bbox 1098 3140 1439 3189; x_wconf 82' lang='lat' dir='ltr'>comprehenduntur)</span> <span class='ocrx_word' id='word_1_748' title='bbox 1466 3141 1637 3175; x_wconf 82' lang='lat' dir='ltr'>excludunt</span> <span class='ocrx_word' id='word_1_749' title='bbox 1657 3138 1820 3178; x_wconf 69' lang='lat' dir='ltr'>soeminaS,</span> <span class='ocrx_word' id='word_1_750' title='bbox 1846 3146 1880 3177; x_wconf 68' lang='grc' dir='ltr'>ὅ(</span> 
     </span>
     <span class='ocr_line' id='line_1_58' title="bbox 97 3186 1882 3240; baseline -0.002 -16"><span class='ocrx_word' id='word_1_751' title='bbox 97 3202 134 3224; x_wconf 82' lang='lat' dir='ltr'>ex</span> <span class='ocrx_word' id='word_1_752' title='bbox 153 3191 198 3223; x_wconf 86' lang='lat' dir='ltr'>eis</span> <span class='ocrx_word' id='word_1_753' title='bbox 220 3186 380 3224; x_wconf 80' lang='lat' dir='ltr'>masculos,</span> <span class='ocrx_word' id='word_1_754' title='bbox 404 3186 443 3221; x_wconf 87' lang='lat' dir='ltr'>ab</span> <span class='ocrx_word' id='word_1_755' title='bbox 460 3188 524 3235; x_wconf 87' lang='lat' dir='ltr'>ipso</span> <span class='ocrx_word' id='word_1_756' title='bbox 539 3194 769 3228; x_wconf 78' lang='lat' dir='ltr'>renunciatario</span> <span class='ocrx_word' id='word_1_757' title='bbox 794 3191 1041 3228; x_wconf 83' lang='lat' dir='ltr'>descendentes:</span> <span class='ocrx_word' id='word_1_758' title='bbox 1069 3194 1171 3240; x_wconf 81' lang='lat' dir='ltr'>igitur</span> <span class='ocrx_word' id='word_1_759' title='bbox 1191 3191 1259 3226; x_wconf 79' lang='lat' dir='ltr'>haec</span> <span class='ocrx_word' id='word_1_760' title='bbox 1277 3191 1455 3226; x_wconf 86' lang='lat' dir='ltr'>voluntaria</span> <span class='ocrx_word' id='word_1_761' title='bbox 1480 3192 1662 3235; x_wconf 72' lang='lat' dir='ltr'>praeteiitiva</span> <span class='ocrx_word' id='word_1_762' title='bbox 1687 3189 1827 3234; x_wconf 50' lang='lat' dir='ltr'>objeci-io</span> <span class='ocrx_word' id='word_1_763' title='bbox 1846 3204 1882 3226; x_wconf 79' lang='lat' dir='ltr'>e-</span> 
     </span>
    </p>
   </div>
   <div class='ocr_carea' id='block_1_15' title="bbox 46 3237 1882 3335">
    <p class='ocr_par' dir='ltr' id='par_1_16' title="bbox 46 3237 1882 3335">
     <span class='ocr_line' id='line_1_59' title="bbox 46 3237 1881 3289; baseline -0.001 -12"><span class='ocrx_word' id='word_1_764' title='bbox 46 3270 49 3277; x_wconf 75' lang='grc'>,</span> <span class='ocrx_word' id='word_1_765' title='bbox 98 3240 217 3275; x_wconf 77' lang='lat' dir='ltr'>vanuit.</span> <span class='ocrx_word' id='word_1_766' title='bbox 306 3251 350 3272; x_wconf 81' lang='lat' dir='ltr'>uae</span> <span class='ocrx_word' id='word_1_767' title='bbox 369 3239 464 3285; x_wconf 83' lang='lat' dir='ltr'>igitur</span> <span class='ocrx_word' id='word_1_768' title='bbox 486 3237 650 3274; x_wconf 84' lang='lat' dir='ltr'>difficultas</span> <span class='ocrx_word' id='word_1_769' title='bbox 667 3242 865 3277; x_wconf 84' lang='lat' dir='ltr'>remanebit?</span> <span class='ocrx_word' id='word_1_770' title='bbox 889 3244 997 3276; x_wconf 80' lang='lat' dir='ltr'>Eritne</span> <span class='ocrx_word' id='word_1_771' title='bbox 1014 3240 1216 3289; x_wconf 81' lang='lat' dir='ltr'>Pragmatica</span> <span class='ocrx_word' id='word_1_772' title='bbox 1235 3242 1361 3276; x_wconf 65' lang='lat' dir='ltr'>sineno</span> <span class='ocrx_word' id='word_1_773' title='bbox 1385 3239 1552 3275; x_wconf 79' lang='lat' dir='ltr'>Carolina?</span> <span class='ocrx_word' id='word_1_774' title='bbox 1580 3241 1678 3273; x_wconf 86' lang='lat' dir='ltr'>Certe</span> <span class='ocrx_word' id='word_1_775' title='bbox 1699 3240 1881 3275; x_wconf 75' lang='lat' dir='ltr'>mirandum</span> 
     </span>
     <span class='ocr_line' id='line_1_60' title="bbox 46 3286 1882 3335; baseline -0.001 -14"><span class='ocrx_word' id='word_1_776' title='bbox 46 3288 48 3321; x_wconf 59' lang='grc' dir='ltr'><strong>ᾇ</strong></span> <span class='ocrx_word' id='word_1_777' title='bbox 100 3288 201 3324; x_wconf 83' lang='lat' dir='ltr'>foret,</span> <span class='ocrx_word' id='word_1_778' title='bbox 227 3287 249 3322; x_wconf 87' lang='lat' dir='ltr'>si</span> <span class='ocrx_word' id='word_1_779' title='bbox 266 3288 397 3335; x_wconf 88' lang='lat' dir='ltr'>quidam</span> <span class='ocrx_word' id='word_1_780' title='bbox 419 3286 708 3330; x_wconf 77' lang='lat' dir='ltr'>Juris-Conliiltus‚</span> <span class='ocrx_word' id='word_1_781' title='bbox 734 3291 804 3326; x_wconf 86' lang='lat' dir='ltr'>visis</span> <span class='ocrx_word' id='word_1_782' title='bbox 825 3302 914 3326; x_wconf 82' lang='lat' dir='ltr'>antea</span> <span class='ocrx_word' id='word_1_783' title='bbox 939 3293 1099 3327; x_wconf 66' lang='lat' dir='ltr'>deduffis,</span> <span class='ocrx_word' id='word_1_784' title='bbox 1125 3292 1219 3326; x_wconf 82' lang='lat' dir='ltr'>talem</span> <span class='ocrx_word' id='word_1_785' title='bbox 1244 3290 1427 3325; x_wconf 87' lang='lat' dir='ltr'>Carolinam</span> <span class='ocrx_word' id='word_1_786' title='bbox 1457 3290 1684 3335; x_wconf 81' lang='lat' dir='ltr'>Pragmaticam</span> <span class='ocrx_word' id='word_1_787' title='bbox 1720 3300 1754 3323; x_wconf 87' lang='lat' dir='ltr'>ut</span> <span class='ocrx_word' id='word_1_788' title='bbox 1787 3303 1882 3331; x_wconf 64' lang='lat' dir='ltr'>argu-</span> 
     </span>
    </p>
   </div>
   <div class='ocr_carea' id='block_1_16' title="bbox 96 3333 1881 3386">
    <p class='ocr_par' dir='ltr' id='par_1_17' title="bbox 96 3333 1881 3386">
     <span class='ocr_line' id='line_1_61' title="bbox 96 3333 1881 3386; baseline 0.002 -14"><span class='ocrx_word' id='word_1_789' title='bbox 96 3349 243 3372; x_wconf 81' lang='lat' dir='ltr'>mentum</span> <span class='ocrx_word' id='word_1_790' title='bbox 262 3347 447 3384; x_wconf 83' lang='lat' dir='ltr'>opponeret.</span> <span class='ocrx_word' id='word_1_791' title='bbox 501 3338 588 3385; x_wconf 82' lang='lat' dir='ltr'>Qis</span> <span class='ocrx_word' id='word_1_792' title='bbox 607 3343 668 3383; x_wconf 82' lang='lat' dir='ltr'>jam</span> <span class='ocrx_word' id='word_1_793' title='bbox 684 3341 722 3374; x_wconf 88' lang='lat' dir='ltr'>de</span> <span class='ocrx_word' id='word_1_794' title='bbox 738 3346 805 3386; x_wconf 75' lang='lat' dir='ltr'>ejus</span> <span class='ocrx_word' id='word_1_795' title='bbox 824 3344 903 3375; x_wconf 84' lang='lat' dir='ltr'>circa</span> <span class='ocrx_word' id='word_1_796' title='bbox 921 3343 1028 3375; x_wconf 77' lang='lat' dir='ltr'>omnia</span> <span class='ocrx_word' id='word_1_797' title='bbox 1051 3342 1209 3380; x_wconf 88' lang='lat' dir='ltr'>dominia,</span> <span class='ocrx_word' id='word_1_798' title='bbox 1235 3342 1273 3374; x_wconf 87' lang='lat' dir='ltr'>de</span> <span class='ocrx_word' id='word_1_799' title='bbox 1294 3339 1412 3386; x_wconf 76' lang='lat' dir='ltr'>quibus</span> <span class='ocrx_word' id='word_1_800' title='bbox 1430 3339 1553 3384; x_wconf 77' lang='lat' dir='ltr'>agitur,</span> <span class='ocrx_word' id='word_1_801' title='bbox 1579 3336 1723 3372; x_wconf 78' lang='lat' dir='ltr'>nullitate</span> <span class='ocrx_word' id='word_1_802' title='bbox 1740 3333 1881 3375; x_wconf 58' lang='lat' dir='ltr'>dubitet?</span> 
     </span>
    </p>
   </div>
   <div class='ocr_carea' id='block_1_17' title="bbox 46 3387 1881 3487">
    <p class='ocr_par' dir='ltr' id='par_1_18' title="bbox 46 3387 1881 3487">
     <span class='ocr_line' id='line_1_62' title="bbox 46 3387 1881 3438; baseline 0.002 -17"><span class='ocrx_word' id='word_1_803' title='bbox 46 3396 49 3413; x_wconf 64' lang='lat'>1</span> <span class='ocrx_word' id='word_1_804' title='bbox 96 3391 254 3434; x_wconf 51' lang='lat' dir='ltr'>Quaenam</span> <span class='ocrx_word' id='word_1_805' title='bbox 272 3387 400 3421; x_wconf 63' lang='lat' dir='ltr'>facultas</span> <span class='ocrx_word' id='word_1_806' title='bbox 423 3389 608 3435; x_wconf 84' lang='lat' dir='ltr'>Imperatori</span> <span class='ocrx_word' id='word_1_807' title='bbox 632 3390 780 3434; x_wconf 60' lang='lat' dir='ltr'>praediun</span> <span class='ocrx_word' id='word_1_808' title='bbox 797 3402 864 3424; x_wconf 86' lang='lat' dir='ltr'>erat</span> <span class='ocrx_word' id='word_1_809' title='bbox 879 3389 1063 3438; x_wconf 69' lang='lat' dir='ltr'>disponendi</span> <span class='ocrx_word' id='word_1_810' title='bbox 1081 3392 1119 3425; x_wconf 88' lang='lat' dir='ltr'>de</span> <span class='ocrx_word' id='word_1_811' title='bbox 1136 3391 1284 3424; x_wconf 85' lang='lat' dir='ltr'>dominiis</span> <span class='ocrx_word' id='word_1_812' title='bbox 1297 3412 1305 3424; x_wconf 94' lang='lat'>,</span> <span class='ocrx_word' id='word_1_813' title='bbox 1330 3389 1367 3421; x_wconf 83' lang='lat' dir='ltr'>ad</span> <span class='ocrx_word' id='word_1_814' title='bbox 1385 3401 1524 3434; x_wconf 82' lang='lat' dir='ltr'>quorum</span> <span class='ocrx_word' id='word_1_815' title='bbox 1543 3389 1776 3423; x_wconf 83' lang='lat' dir='ltr'>restitutionem</span> <span class='ocrx_word' id='word_1_816' title='bbox 1794 3400 1881 3424; x_wconf 57' lang='lat' dir='ltr'>tene&lt;</span> 
     </span>
     <span class='ocr_line' id='line_1_63' title="bbox 46 3437 1880 3487; baseline 0.001 -14"><span class='ocrx_word' id='word_1_817' title='bbox 46 3450 48 3457; x_wconf 64' lang='grc'>’</span> <span class='ocrx_word' id='word_1_818' title='bbox 97 3438 208 3474; x_wconf 76' lang='lat' dir='ltr'>batur?</span> <span class='ocrx_word' id='word_1_819' title='bbox 252 3438 404 3473; x_wconf 81' lang='lat' dir='ltr'>validitas</span> <span class='ocrx_word' id='word_1_820' title='bbox 443 3439 533 3473; x_wconf 72' lang='lat' dir='ltr'>dictae</span> <span class='ocrx_word' id='word_1_821' title='bbox 567 3438 741 3474; x_wconf 70' lang='lat' dir='ltr'>Sanffionis</span> <span class='ocrx_word' id='word_1_822' title='bbox 765 3440 846 3475; x_wconf 82' lang='lat' dir='ltr'>circa</span> <span class='ocrx_word' id='word_1_823' title='bbox 879 3452 915 3476; x_wconf 82' lang='lat' dir='ltr'>ea</span> <span class='ocrx_word' id='word_1_824' title='bbox 956 3453 992 3475; x_wconf 88' lang='lat' dir='ltr'>ex</span> <span class='ocrx_word' id='word_1_825' title='bbox 1018 3442 1109 3474; x_wconf 88' lang='lat' dir='ltr'>omni</span> <span class='ocrx_word' id='word_1_826' title='bbox 1136 3450 1225 3487; x_wconf 71' lang='lat' dir='ltr'>parte</span> <span class='ocrx_word' id='word_1_827' title='bbox 1260 3438 1428 3477; x_wconf 81' lang='lat' dir='ltr'>claudicat,</span> <span class='ocrx_word' id='word_1_828' title='bbox 1463 3439 1539 3485; x_wconf 89' lang='lat' dir='ltr'>quia</span> <span class='ocrx_word' id='word_1_829' title='bbox 1563 3437 1649 3473; x_wconf 84' lang='lat' dir='ltr'>nulla</span> <span class='ocrx_word' id='word_1_830' title='bbox 1686 3437 1880 3487; x_wconf 79' lang='lat' dir='ltr'>disponentis</span> 
     </span>
    </p>
   </div>
   <div class='ocr_carea' id='block_1_18' title="bbox 1012 3497 1879 3537">
    <p class='ocr_par' dir='ltr' id='par_1_19' title="bbox 1012 3497 1879 3537">
     <span class='ocr_line' id='line_1_64' title="bbox 1012 3497 1879 3537; baseline -0.008 -11"><span class='ocrx_word' id='word_1_831' title='bbox 1012 3497 1033 3527; x_wconf 66' lang='grc' dir='ltr'>θ</span> <span class='ocrx_word' id='word_1_832' title='bbox 1063 3501 1083 3525; x_wconf 77' lang='lat'>2·</span> <span class='ocrx_word' id='word_1_833' title='bbox 1822 3503 1879 3537; x_wconf 70' lang='lat' dir='ltr'>po.</span> 
     </span>
    </p>
   </div>
  </div>
 </body>
</html>
